@article{gelaro2017,
  title={The modern-era retrospective analysis for research and applications, version 2 (MERRA-2)},
  author={Gelaro, Ronald and McCarty, Will and Su{\'a}rez, Max J and Todling, Ricardo and Molod, Andrea and Takacs, Lawrence and Randles, Cynthia A and Darmenov, Anton and Bosilovich, Michael G and Reichle, Rolf and others},
  journal={Journal of Climate},
  volume={30},
  number={14},
  pages={5419--5454},
  year={2017},
  doi={10.1175/JCLI-D-16-0758.1}
}

@article{bosilovich2015,
  title={MERRA-2: File specification},
  author={Bosilovich, MG and Lucchesi, R and Suarez, M},
  year={2015}
}

@article{swales2018,
  title={The Cloud Feedback Model Intercomparison Project Observational Simulator Package: Version 2},
  author={Swales, Dustin J and Pincus, Robert and Bodas-Salcedo, Alejandro},
  journal={Geoscientific Model Development},
  volume={11},
  number={1},
  pages={77--81},
  year={2018},
  publisher={Copernicus GmbH},
  doi={10.5194/gmd-2017-148}
}

@article{williams2016,
 ISSN = {01115499},
 author = {J. Williams and O. Morgenstern and V. Varma and E. Behrens and W. Hayek and H. Oliver and S. Dean and B. Mullan and D. Frame},
 journal = {Weather and Climate},
 pages = {25--44},
 publisher = {Meteorological Society of New Zealand},
 title = {Development of the New Zealand Earth System Model: NZESM},
 volume = {36},
 year = {2016},
 doi = {10.2307/26779386}
}

@article{palmer2011,
  title={Computational Colossus},
  author={Palmer, Juliet},
  journal={Engineering Insight},
  volume={12},
  number={1},
  pages={32},
  year={2011},
  publisher={Institution of Professional Engineers New Zealand},
  issn={2230-2549}
}

@article{hewitt2011,
  title={Design and implementation of the infrastructure of HadGEM3: The next-generation Met Office climate modelling system},
  author={Hewitt, HT and Copsey, D and Culverwell, ID and Harris, CM and Hill, RSR and Keen, AB and McLaren, AJ and Hunke, EC},
  journal={Geoscientific Model Development},
  volume={4},
  number={2},
  pages={223--253},
  year={2011},
  publisher={Copernicus GmbH},
  doi={10.5194/gmd-4-223-2011}
}

@article{doelling2016,
  title={Improvements to the geostationary visible imager ray-matching calibration algorithm for CERES Edition 4},
  author={Doelling, David R and Haney, Conor O and Scarino, Benjamin R and Gopalan, Arun and Bhatt, Rajendra},
  journal={Journal of Atmospheric and Oceanic Technology},
  volume={33},
  number={12},
  pages={2679--2698},
  year={2016},
  doi={10.1175/jtech-d-16-0113.1}
}

@article{schuddeboom2019,
  title={Cluster-Based Evaluation of Model Compensating Errors: A Case Study of Cloud Radiative Effect in the Southern Ocean},
  author={Schuddeboom, Alex and Varma, Vidya and McDonald, Adrian J and Morgenstern, Olaf and Harvey, Mike and Parsons, Simon and Field, Paul and Furtado, Kalli},
  journal={Geophysical Research Letters},
  volume={46},
  number={6},
  pages={3446--3453},
  year={2019},
  publisher={Wiley Online Library},
  doi={10.1029/2018GL081686}
}

@article{walters2017,
  title={The Met Office Unified Model global atmosphere 7.0/7.1 and JULES global land 7.0 configurations},
  author={Walters, David and Baran, Anthony J and Boutle, Ian and Brooks, Malcolm and Earnshaw, Paul and Edwards, John and Furtado, Kalli and Hill, Peter and Lock, Adrian and Manners, James and others},
  journal={Geoscientific Model Development},
  volume={12},
  number={5},
  pages={1909--1963},
  year={2019},
  publisher={EGU},
  doi={10.5194/gmd-12-1909-2019}
}

@article{jolly2018,
  title={An analysis of the cloud environment over the Ross Sea and Ross Ice Shelf using CloudSat/CALIPSO satellite observations: the importance of synoptic forcing},
  author={Jolly, B and Kuma, P and McDonald, A and Parsons, S},
  journal={Atmospheric Chemistry and Physics},
  volume={18},
  number={13},
  pages={9723--9739},
  year={2018},
  publisher={Copernicus GmbH},
  doi={10.5194/acp-2017-547-rc1}
}

@article{nam2012,
  title={The ‘too few, too bright’tropical low-cloud problem in CMIP5 models},
  author={Nam, Christine and Bony, Sandrine and Dufresne, J-L and Chepfer, H},
  journal={Geophysical Research Letters},
  volume={39},
  number={21},
  year={2012},
  publisher={Wiley Online Library},
  doi={10.1029/2012gl053421}
}

@article{klein2013,
  title={Are climate model simulations of clouds improving? An evaluation using the ISCCP simulator},
  author={Klein, Stephen A and Zhang, Yuying and Zelinka, Mark D and Pincus, Robert and Boyle, James and Gleckler, Peter J},
  journal={Journal of Geophysical Research: Atmospheres},
  volume={118},
  number={3},
  pages={1329--1342},
  year={2013},
  publisher={Wiley Online Library},
  doi={10.1002/jgrd.50141}
}

@article{mace2009,
  title={A description of hydrometeor layer occurrence statistics derived from the first year of merged Cloudsat and CALIPSO data},
  author={Mace, Gerald G and Zhang, Qiuqing and Vaughan, Mark and Marchand, Roger and Stephens, Graeme and Trepte, Chip and Winker, Dave},
  journal={Journal of Geophysical Research: Atmospheres},
  volume={114},
  number={D8},
  year={2009},
  publisher={Wiley Online Library},
  doi={10.1029/2007jd009755}
}

@article{williams2017,
  title={A multi-diagnostic approach to cloud evaluation},
  author={Williams, Keith D and Bodas-Salcedo, Alejandro},
  journal={Geoscientific Model Development},
  volume={10},
  number={7},
  pages={2547--2566},
  year={2017},
  publisher={Copernicus GmbH},
  doi={10.5194/gmd-10-2547-2017}
}

@article{frey2018,
  title={The combined influence of observed Southern Ocean clouds and sea ice on top-of-atmosphere albedo},
  author={Frey, WR and Morrison, AL and Kay, JE and Guzman, R and Chepfer, H},
  journal={Journal of Geophysical Research: Atmospheres},
  volume={123},
  number={9},
  pages={4461--4475},
  year={2018},
  publisher={Wiley Online Library},
  doi={10.1029/2018JD028505}
}

@article{telford2008,
  title={Description and assessment of a nudged version of the new dynamics Unified Model},
  author={Telford, PJ and Braesicke, P and Morgenstern, O and Pyle, JA},
  journal={Atmospheric Chemistry and Physics},
  volume={8},
  number={6},
  pages={1701--1712},
  year={2008},
  publisher={Copernicus GmbH},
  doi={10.5194/acp-8-1701-2008}
}

@article{trenberth2010,
  title={Simulation of present-day and twenty-first-century energy budgets of the southern oceans},
  author={Trenberth, Kevin E and Fasullo, John T},
  journal={Journal of Climate},
  volume={23},
  number={2},
  pages={440--454},
  year={2010},
  doi={10.1175/2009JCLI3152.1}
}

@misc{maslanik1999,
  author={Maslanik, J and Stroeve, J},
  title={{Near-Real-Time DMSP SSMIS Daily Polar Gridded Sea Ice Concentrations, Version 1}},
  year={1999},
  organization={NASA National Snow and Ice Data Center Distributed Active Archive Center},
  location={Boulder, Colorado USA},
  doi={10.5067/U8C09DWVX9LM}
}

@article{schlosser2018,
  title={Atmospheric influences on the anomalous 2016 {Antarctic} sea ice decay},
  author={Schlosser, Elisabeth and Haumann, F Alexander and Raphael, Marilyn N},
  journal={The Cryosphere},
  volume={12},
  number={3},
  pages={1103--1119},
  year={2018},
  publisher={Copernicus},
  doi={10.5194/tc-12-1103-2018}
}

@article{doddridge2017,
  title={Modulation of the seasonal cycle of {Antarctic} sea ice extent related to the {Southern Annular Mode}},
  author={Doddridge, Edward W and Marshall, John},
  journal={Geophysical Research Letters},
  volume={44},
  number={19},
  pages={9761--9768},
  year={2017},
  publisher={Wiley Online Library},
  doi={10.1002/2017gl074319}
}

@article{kusahara2018,
  title={An ocean-sea ice model study of the unprecedented {Antarctic} sea ice minimum in 2016},
  author={Kusahara, Kazuya and Reid, Phillip and Williams, Guy D and Massom, Robert and Hasumi, Hiroyasu},
  journal={Environmental Research Letters},
  volume={13},
  number={8},
  pages={084020},
  year={2018},
  publisher={IOP Publishing},
  doi={10.1088/1748-9326/aad624}
}

@article{turner2017,
  title={Unprecedented springtime retreat of {Antarctic} sea ice in 2016},
  author={Turner, John and Phillips, Tony and Marshall, Gareth J and Hosking, J Scott and Pope, James O and Bracegirdle, Thomas J and Deb, Pranab},
  journal={Geophysical Research Letters},
  volume={44},
  number={13},
  pages={6868--6875},
  year={2017},
  publisher={Wiley Online Library},
  doi={10.1002/2017gl073656}
}

@article{stuecker2017,
  title={Conditions leading to the unprecedented low Antarctic sea ice extent during the 2016 austral spring season},
  author={Stuecker, Malte F and Bitz, Cecilia M and Armour, Kyle C},
  journal={Geophysical Research Letters},
  volume={44},
  number={17},
  pages={9008--9019},
  year={2017},
  publisher={Wiley Online Library},
  doi={10.1002/2017gl074691}
}

@article{oconnor2004,
  title={A technique for autocalibration of cloud lidar},
  author={O'Connor, Ewan J and Illingworth, Anthony J and Hogan, Robin J},
  journal={Journal of Atmospheric and Oceanic Technology},
  volume={21},
  number={5},
  pages={777--786},
  year={2004},
  doi={10.1175/1520-0426(2004)021<0777:atfaoc>2.0.co;2}
}

@article{kotthaus2016,
  title={Recommendations for processing atmospheric attenuated backscatter profiles from Vaisala CL31 ceilometers},
  author={Kotthaus, Simone and O'Connor, Ewan and M{\"u}nkel, Christoph and Charlton-Perez, Cristina and Haeffelin, Martial and Gabey, Andrew M and Grimmond, C Sue B},
  journal={Atmospheric Measurement Techniques},
  volume={9},
  number={8},
  pages={3769--3791},
  year={2016},
  publisher={Copernicus GmbH},
  doi={10.5194/amt-9-3769-2016}
}

@article{tange2011,
  title={Gnu parallel-the command-line power tool},
  author={Tange, Ole and others},
  journal={The USENIX Magazine},
  volume={36},
  number={1},
  pages={42--47},
  year={2011}
}

@Article{hunter2007,
  Author    = {Hunter, J. D.},
  Title     = {Matplotlib: A 2D graphics environment},
  Journal   = {Computing In Science \& Engineering},
  Volume    = {9},
  Number    = {3},
  Pages     = {90--95},
  publisher = {IEEE COMPUTER SOC},
  doi       = {10.1109/MCSE.2007.55},
  year      = 2007
}

@Misc{scipy,
  author={Eric Jones and Travis Oliphant and Pearu Peterson and others},
  title={{SciPy}: Open source scientific tools for {Python}},
  year={2001--},
  url={http://www.scipy.org},
  note={accessed 23 November 2018}
}

@book{oliphant2006,
  title={A guide to NumPy},
  author={Oliphant, Travis E},
  volume={1},
  year={2006},
  publisher={Trelgol Publishing USA}
}

@Manual{r,
  title = {R: A Language and Environment for Statistical Computing},
  author = {{R Core Team}},
  organization = {R Foundation for Statistical Computing},
  address = {Vienna, Austria},
  year = {2018},
  url = {https://www.R-project.org/},
}

@article{rayner2003,
  title={The global sea-ice and sea surface temperature (HadISST) data sets},
  author={Rayner, N and Parker, DE and Folland, CK and Horton, EB and Alexander, LV and Rowell, DP},
  journal={J. Geophys. Res},
  year={2003}
}

@article{bodas-salcedo2014,
  title={Origins of the solar radiation biases over the Southern Ocean in CFMIP2 models},
  author={Bodas-Salcedo, Alejandro and Williams, Keith D and Ringer, Mark A and Beau, Isabelle and Cole, Jason NS and Dufresne, J-L and Koshiro, Tsuyoshi and Stevens, Bjorn and Wang, Z and Yokohata, T},
  journal={Journal of Climate},
  volume={27},
  number={1},
  pages={41--56},
  year={2014},
  doi={10.1175/JCLI-D-13-00169.1}
}

@article{bodas-salcedo2016,
  title={Large contribution of supercooled liquid clouds to the solar radiation budget of the Southern Ocean},
  author={Bodas-Salcedo, A and Hill, PG and Furtado, K and Williams, KD and Field, PR and Manners, JC and Hyder, P and Kato, S},
  journal={Journal of Climate},
  volume={29},
  number={11},
  pages={4213--4228},
  year={2016},
  doi={10.1175/jcli-d-15-0564.1}
}

@article{hwang2013,
  title={Link between the double-Intertropical Convergence Zone problem and cloud biases over the Southern Ocean},
  author={Hwang, Yen-Ting and Frierson, Dargan MW},
  journal={Proceedings of the National Academy of Sciences},
  volume={110},
  number={13},
  pages={4935--4940},
  year={2013},
  publisher={National Acad Sciences},
  doi={10.1073/pnas.1213302110}
}

@article{mason2014,
  title={Characterizing observed midtopped cloud regimes associated with Southern Ocean shortwave radiation biases},
  author={Mason, Shannon and Jakob, Christian and Protat, Alain and Delano{\"e}, Julien},
  journal={Journal of Climate},
  volume={27},
  number={16},
  pages={6189--6203},
  year={2014},
  doi={10.1175/jcli-d-14-00139.1}
}

@article{lang2018,
  title={Characteristics of the Marine Atmospheric Boundary Layer Over the Southern Ocean in Response to the Synoptic Forcing},
  author={Lang, F and Huang, Yi and Siems, ST and Manton, MJ},
  journal={Journal of Geophysical Research: Atmospheres},
  volume={123},
  number={15},
  pages={7799--7820},
  year={2018},
  publisher={Wiley Online Library},
  doi={10.1029/2018jd028700}
}

@article{schmidt2017,
  title={Practice and philosophy of climate model tuning across six US modeling centers},
  author={Schmidt, Gavin A and Bader, David and Donner, Leo J and Elsaesser, Gregory S and Golaz, Jean-Christophe and Hannay, Cecile and Molod, Andrea and Neale, Richard B and Saha, Suranjana},
  journal={Geoscientific Model Development},
  volume={10},
  number={9},
  pages={3207--3223},
  year={2017},
  publisher={Copernicus GmbH},
  doi={10.5194/gmd-10-3207-2017}
}

@article{hourdin2017,
  title={The art and science of climate model tuning},
  author={Hourdin, Fr{\'e}d{\'e}ric and Mauritsen, Thorsten and Gettelman, Andrew and Golaz, Jean-Christophe and Balaji, Venkatramani and Duan, Qingyun and Folini, Doris and Ji, Duoying and Klocke, Daniel and Qian, Yun and others},
  journal={Bulletin of the American Meteorological Society},
  volume={98},
  number={3},
  pages={589--602},
  year={2017},
  doi={10.1175/BAMS-D-15-00135.1}
}

@article{loeb2018,
  title={Clouds and the earth’s radiant energy system (CERES) energy balanced and filled (EBAF) top-of-atmosphere (TOA) edition-4.0 data product},
  author={Loeb, Norman G and Doelling, David R and Wang, Hailan and Su, Wenying and Nguyen, Cathy and Corbett, Joseph G and Liang, Lusheng and Mitrescu, Cristian and Rose, Fred G and Kato, Seiji},
  journal={Journal of Climate},
  volume={31},
  number={2},
  pages={895--918},
  year={2018},
  doi={10.1175/JCLI-D-17-0208.1}
}

@article{roemmich2009,
  title={Argo: the challenge of continuing 10 years of progress},
  author={Roemmich, Dean and Argo Steering Team},
  journal={Oceanography},
  volume={22},
  number={3},
  pages={46--55},
  year={2009},
  publisher={JSTOR},
  issn={10428275, 2377617X}
}

@article{sato2018,
  title={Improved Reanalysis and Prediction of Atmospheric Fields Over the Southern Ocean Using Campaign-Based Radiosonde Observations},
  author={Sato, Kazutoshi and Inoue, Jun and Alexander, Simon P and McFarquhar, Greg and Yamazaki, Akira},
  journal={Geophysical Research Letters},
  year={2018},
  publisher={Wiley Online Library},
  doi={10.1029/2018GL079037}
}

@article{klekociuk2018,
  title={The state of the atmosphere in the 2016 southern Kerguelen Axis campaign region},
  author={Klekociuk, Andrew R and French, W John R and Alexander, Simon P and Kuma, Peter and McDonald, Adrian J},
  journal={Deep Sea Research Part II: Topical Studies in Oceanography},
  year={2019},
  publisher={Elsevier},
  doi={10.1016/j.dsr2.2019.02.001}
}


@article{kay2016,
  title={Global climate impacts of fixing the Southern Ocean shortwave radiation bias in the Community Earth System Model (CESM)},
  author={Kay, Jennifer E and Wall, Casey and Yettella, Vineel and Medeiros, Brian and Hannay, Cecile and Caldwell, Peter and Bitz, Cecilia},
  journal={Journal of Climate},
  volume={29},
  number={12},
  pages={4617--4636},
  year={2016},
  doi={10.1175/JCLI-D-15-0358.1}
}

@article{chiriaco2006,
  title={The ability of MM5 to simulate ice clouds: Systematic comparison between simulated and measured fluxes and lidar/radar profiles at the SIRTA atmospheric observatory},
  author={Chiriaco, Marjolaine and Vautard, Robert and Chepfer, H{\'e}l{\`e}ne and Haeffelin, Martial and Dudhia, J and Wanherdrick, Y and Morille, Yohann and Protat, Alain},
  journal={Monthly Weather Review},
  volume={134},
  number={3},
  pages={897--918},
  year={2006},
  doi={10.1175/MWR3102.1}
}

@article{bastin2018,
  title={Control of radiation and evaporation on temperature variability in a WRF regional climate simulation: comparison with colocated long term ground based observations near Paris},
  author={Bastin, Sophie and Chiriaco, Marjolaine and Drobinski, Philippe},
  journal={Climate dynamics},
  volume={51},
  number={3},
  pages={985--1003},
  year={2018},
  publisher={Springer},
  doi={10.1007/s00382-016-2974-1}
}

@article{chiriaco2018,
  title={ReOBS: a new approach to synthesize long-term multi-variable dataset and application to the SIRTA supersite},
  author={Chiriaco, Marjolaine and Dupont, Jean-Charles and Bastin, Sophie and Badosa, Jordi and Lopez, Julio and Haeffelin, Martial and Chepfer, Helene and Guzman, Rodrigo},
  journal={Earth System Science Data},
  volume={10},
  number={2},
  pages={919},
  year={2018},
  publisher={Copernicus GmbH},
  doi={10.5194/essd-10-919-2018}
}

@article{hyder2018,
  title={Critical Southern Ocean climate model biases traced to atmospheric model cloud errors},
  author={Hyder, Patrick and Edwards, John M and Allan, Richard P and Hewitt, Helene T and Bracegirdle, Thomas J and Gregory, Jonathan M and Wood, Richard A and Meijers, Andrew JS and Mulcahy, Jane and Field, Paul and others},
  journal={Nature communications},
  volume={9},
  year={2018},
  publisher={Nature Publishing Group},
  doi={10.1038/s41467-018-05634-2}
}

@article{protat2017,
  title={Shipborne observations of the radiative effect of Southern Ocean clouds},
  author={Protat, Alain and Schulz, Eric and Rikus, Lawrence and Sun, Zhian and Xiao, Yi and Keywood, Melita},
  journal={Journal of Geophysical Research: Atmospheres},
  volume={122},
  number={1},
  pages={318--328},
  year={2017},
  publisher={Wiley Online Library},
  doi={10.1002/2016jd026061}
}

@article{bodas-salcedo2011,
  title={COSP: Satellite simulation software for model assessment},
  author={Bodas-Salcedo, A and Webb, MJ and Bony, S and Chepfer, H and Dufresne, J-L and Klein, SA and Zhang, Y and Marchand, R and Haynes, JM and Pincus, R and others},
  journal={Bulletin of the American Meteorological Society},
  volume={92},
  number={8},
  pages={1023--1043},
  year={2011},
  publisher={American Meteorological Society},
  doi={10.1175/2011bams2856.1}
}

@article{zhang2018,
  title={The ARM Cloud Radar Simulator for Global Climate Models: Bridging Field Data and Climate Models},
  author={Zhang, Yuying and Xie, Shaocheng and Klein, Stephen A and Marchand, Roger and Kollias, Pavlos and Clothiaux, Eugene E and Lin, Wuyin and Johnson, Karen and Swales, Dustin and Bodas-Salcedo, Alejandro and others},
  journal={Bulletin of the American Meteorological Society},
  volume={99},
  number={1},
  pages={21--26},
  year={2018},
  doi={10.1175/BAMS-D-16-0258.1}
}

@article{kay2012,
  title={Exposing global cloud biases in the Community Atmosphere Model (CAM) using satellite observations and their corresponding instrument simulators},
  author={Kay, JE and Hillman, BR and Klein, SA and Zhang, Y and Medeiros, Brian and Pincus, R and Gettelman, Andrew and Eaton, B and Boyle, J and Marchand, R and others},
  journal={Journal of Climate},
  volume={25},
  number={15},
  pages={5190--5207},
  year={2012},
  doi={10.1175/JCLI-D-11-00469.1}
}

@article{webb2017,
  title={The Cloud Feedback Model Intercomparison Project (CFMIP) contribution to CMIP6},
  author={Webb, Mark J and Andrews, Timothy and Bodas-Salcedo, Alejandro and Bony, Sandrine and Bretherton, Christopher S and Chadwick, Robin and Chepfer, H{\'e}l{\`e}ne and Douville, Herv{\'e} and Good, Peter and Kay, Jennifer E and others},
  journal={Geoscientific Model Development},
  volume={10},
  number={1},
  pages={359--384},
  year={2017},
  doi={10.5194/gmd-10-359-2017}
}

@article{franklin2013,
  title={Evaluation of clouds in ACCESS using the satellite simulator package COSP: Regime-sorted tropical cloud properties},
  author={Franklin, Charmaine N and Sun, Zhian and Bi, Daohua and Dix, Martin and Yan, Hailin and Bodas-Salcedo, Alejandro},
  journal={Journal of Geophysical Research: Atmospheres},
  volume={118},
  number={12},
  pages={6663--6679},
  year={2013},
  publisher={Wiley Online Library},
  doi={10.1002/jgrd.50496}
}

@article{schuddeboom2018a,
  title={Regional Regime-Based Evaluation of Present-Day General Circulation Model Cloud Simulations Using Self-Organizing Maps},
  author={Schuddeboom, Alex and McDonald, Adrian J and Morgenstern, Olaf and Harvey, Mike and Parsons, Simon},
  journal={Journal of Geophysical Research: Atmospheres},
  volume={123},
  number={8},
  pages={4259--4272},
  year={2018},
  publisher={Wiley Online Library},
  doi={10.1002/2017JD028196}
}

@article{jin2017,
  title={Regime-based evaluation of cloudiness in CMIP5 models},
  author={Jin, Daeho and Oreopoulos, Lazaros and Lee, Dongmin},
  journal={Climate dynamics},
  volume={48},
  number={1-2},
  pages={89--112},
  year={2017},
  publisher={Springer},
  doi={10.1007/s00382-016-3064-0}
}

@article{wielicki1996,
  title={Clouds and the Earth's Radiant Energy System (CERES): An earth observing system experiment},
  author={Wielicki, Bruce A and Barkstrom, Bruce R and Harrison, Edwin F and Lee III, Robert B and Smith, G Louis and Cooper, John E},
  journal={Bulletin of the American Meteorological Society},
  volume={77},
  number={5},
  pages={853--868},
  year={1996},
  publisher={American Meteorological Society},
  doi={10.1175/1520-0477(1996)077<0853:CATERE>2.0.CO;2}
}

@article{marchand2008,
  title={Hydrometeor detection using CloudSat—An Earth-orbiting 94-GHz cloud radar},
  author={Marchand, Roger and Mace, Gerald G and Ackerman, Thomas and Stephens, Graeme},
  journal={Journal of Atmospheric and Oceanic Technology},
  volume={25},
  number={4},
  pages={519--533},
  year={2008},
  doi={10.1175/2007JTECHA1006.1}
}

@article{stephens2002,
  title={The CloudSat mission and the A-Train: A new dimension of space-based observations of clouds and precipitation},
  author={Stephens, Graeme L and Vane, Deborah G and Boain, Ronald J and Mace, Gerald G and Sassen, Kenneth and Wang, Zhien and Illingworth, Anthony J and O'connor, Ewan J and Rossow, William B and Durden, Stephen L and others},
  journal={Bulletin of the American Meteorological Society},
  volume={83},
  number={12},
  pages={1771--1790},
  year={2002},
  publisher={American Meteorological Society},
  doi={10.1175/BAMS-83-12-1771}
}

@article{winker2010,
  title={The CALIPSO mission: A global 3D view of aerosols and clouds},
  author={Winker, DM and Pelon, Jacques and Coakley Jr, JA and Ackerman, SA and Charlson, RJ and Colarco, PR and Flamant, Pierre and Fu, Q and Hoff, RM and Kittaka, C and others},
  journal={Bulletin of the American Meteorological Society},
  volume={91},
  number={9},
  pages={1211--1230},
  year={2010},
  publisher={American Meteorological Society},
  doi={10.1175/2010BAMS3009.1}
}

@inproceedings{salomonson2002,
  title={An overview of the Earth Observing System MODIS instrument and associated data systems performance},
  author={Salomonson, Vincent V and Barnes, William and Xiong, Jack and Kempler, Steve and Masuoka, Ed},
  booktitle={Geoscience and Remote Sensing Symposium, 2002. IGARSS'02. 2002 IEEE International},
  volume={2},
  pages={1174--1176},
  year={2002},
  organization={IEEE},
  doi={10.1109/IGARSS.2002.1025812},
  isbn={0-7803-7536-X}
}

@article{rossow1999,
  title={Advances in understanding clouds from ISCCP},
  author={Rossow, William B and Schiffer, Robert A},
  journal={Bulletin of the American Meteorological Society},
  volume={80},
  number={11},
  pages={2261--2288},
  year={1999},
  publisher={American Meteorological Society},
  doi={10.1175/1520-0477(1999)080<2261:AIUCFI>2.0.CO;2}
}

@article{bodas-salcedo2012,
  title={The surface downwelling solar radiation surplus over the Southern Ocean in the Met Office model: The role of midlatitude cyclone clouds},
  author={Bodas-Salcedo, A and Williams, KD and Field, PR and Lock, AP},
  journal={Journal of Climate},
  volume={25},
  number={21},
  pages={7467--7486},
  year={2012},
  doi={10.1175/JCLI-D-11-00702.1}
}

@article{ludescher2018,
  author="Ludescher, Josef and Yuan, Naiming and Bunde, Armin",
  title="Detecting the statistical significance of the trends in the Antarctic sea ice extent: an indication for a turning point",
  journal="Climate Dynamics",
  year="2018",
  month="Dec",
  day="12",
  issn="1432-0894",
  doi="10.1007/s00382-018-4579-3"
}

@article{ceppi2012,
  title={Southern Hemisphere jet latitude biases in CMIP5 models linked to shortwave cloud forcing},
  author={Ceppi, Paulo and Hwang, Yen-Ting and Frierson, Dargan MW and Hartmann, Dennis L},
  journal={Geophysical Research Letters},
  volume={39},
  number={19},
  year={2012},
  publisher={Wiley Online Library},
  doi={10.1029/2012GL053115}
}

@manual{cosp,
  title={COSP user's manual: Version 1.3.1},
  author={Bodas-Salcedo, Alejandro},
  year={2010},
}

@article{taylor2015,
  title={Covariance between Arctic sea ice and clouds within atmospheric state regimes at the satellite footprint level},
  author={Taylor, Patrick C and Kato, Seiji and Xu, Kuan-Man and Cai, Ming},
  journal={Journal of Geophysical Research: Atmospheres},
  volume={120},
  number={24},
  pages={12656--12678},
  year={2015},
  publisher={Wiley Online Library},
  doi={10.1002/2015JD023520}
}

@article{morrison2011,
  title={A three-year climatology of cloud-top phase over the Southern Ocean and North Pacific},
  author={Morrison, Anthony E and Siems, Steven T and Manton, Michael J},
  journal={Journal of Climate},
  volume={24},
  number={9},
  pages={2405--2418},
  year={2011},
  doi={10.1175/2010JCLI3842.1}
}

@article{chubb2013,
  title={In situ observations of supercooled liquid clouds over the Southern Ocean during the HIAPER Pole-to-Pole Observation campaigns},
  author={Chubb, Thomas H and Jensen, Jorgen B and Siems, Steven T and Manton, Michael J},
  journal={Geophysical Research Letters},
  volume={40},
  number={19},
  pages={5280--5285},
  year={2013},
  publisher={Wiley Online Library},
  doi={10.1002/grl.50986}
}

@article{huang2012,
  title={A study on the low-altitude clouds over the Southern Ocean using the DARDAR-MASK},
  author={Huang, Yi and Siems, Steven T and Manton, Michael J and Protat, Alain and Delano{\"e}, Julien},
  journal={Journal of Geophysical Research: Atmospheres},
  volume={117},
  number={D18},
  year={2012},
  publisher={Wiley Online Library},
  doi={10.1029/2012JD017800}
}

@article{huang2016,
  title={What is the role of sea surface temperature in modulating cloud and precipitation properties over the Southern Ocean?},
  author={Huang, Yi and Siems, Steven T and Manton, Michael J and Rosenfeld, Daniel and Marchand, Roger and McFarquhar, Greg M and Protat, Alain},
  journal={Journal of Climate},
  volume={29},
  number={20},
  pages={7453--7476},
  year={2016},
  doi={10.1175/JCLI-D-15-0768.1}
}

@article{wall2017,
  title={Instantaneous linkages between clouds and large-scale meteorology over the Southern Ocean in observations and a climate model},
  author={Wall, Casey J and Hartmann, Dennis L and Ma, Po-Lun},
  journal={Journal of Climate},
  volume={30},
  number={23},
  pages={9455--9474},
  year={2017},
  doi={10.1175/JCLI-D-17-0156.1}
}

@article{loveridge2018,
  title={Cloud Heterogeneity in the Marine Midlatitudes: Dependence on Large-Scale Meteorology and Implications for General Circulation Models},
  author={Loveridge, Jesse and Davies, Roger},
  journal={Journal of Geophysical Research: Atmospheres},
  volume={124},
  number={6},
  pages={3448--3463},
  year={2019},
  publisher={Wiley Online Library},
  doi={10.1029/2018JD029826}
}

@article{jones1993,
  title={A climatology of Southern Hemisphere extratropical cyclones},
  author={Jones, David A and Simmonds, Ian},
  journal={Climate Dynamics},
  volume={9},
  number={3},
  pages={131--145},
  year={1993},
  publisher={Springer},
  doi={10.1007/BF00209750}
}

@article{williams2013,
  title={The Transpose-AMIP II experiment and its application to the understanding of Southern Ocean cloud biases in climate models},
  author={Williams, KD and Bodas-Salcedo, A and D{\'e}qu{\'e}, M and Fermepin, S and Medeiros, Brian and Watanabe, M and Jakob, C and Klein, SA and Senior, CA and Williamson, DL},
  journal={Journal of Climate},
  volume={26},
  number={10},
  pages={3258--3274},
  year={2013},
  doi={10.1175/JCLI-D-12-00429.1}
}

@incollection{boucher2013,
  title={Clouds and aerosols},
  author={Boucher, Olivier and Randall, David and Artaxo, Paulo and Bretherton, Christopher and Feingold, Gragam and Forster, Piers and Kerminen, V-M and Kondo, Yutaka and Liao, Hong and Lohmann, Ulrike and others},
  booktitle={Climate change 2013: the physical science basis. Contribution of Working Group I to the Fifth Assessment Report of the Intergovernmental Panel on Climate Change},
  pages={571--657},
  year={2013},
  publisher={Cambridge University Press},
  isbn={978-1-107-05799-9}
}

@article{mulmenstadt2018,
  author={M\"ulmenst\"adt, J. and Sourdeval, O. and Henderson, D. S. and L'Ecuyer, T. S. and Unglaub, C. and Jungandreas, L. and B\"ohm, C. and Russell, L. M. and Quaas, J.},
  title={Using CALIOP to estimate cloud-field base height and its uncertainty: the Cloud Base Altitude Spatial Extrapolator (CBASE) algorithm and dataset},
  journal={Earth System Science Data},
  volume={10},
  year={2018},
  number={4},
  pages={2279--2293},
  url={https://www.earth-syst-sci-data.net/10/2279/2018/},
  doi={10.5194/essd-10-2279-2018}
}

@article{mason2015,
  title={A hybrid cloud regime methodology used to evaluate Southern Ocean cloud and shortwave radiation errors in ACCESS},
  author={Mason, Shannon and Fletcher, Jennifer K and Haynes, John M and Franklin, Charmaine and Protat, Alain and Jakob, Christian},
  journal={Journal of Climate},
  volume={28},
  number={15},
  pages={6001--6018},
  year={2015},
  doi={10.1175/jcli-d-14-00846.1}
}

@article{williams2009,
  title={A quantitative performance assessment of cloud regimes in climate models},
  author={Williams, KD and Webb, MJ},
  journal={Climate dynamics},
  volume={33},
  number={1},
  pages={141--157},
  year={2009},
  publisher={Springer},
  doi={10.1007/s00382-008-0443-1}
}

@article{haynes2011,
  title={Major characteristics of Southern Ocean cloud regimes and their effects on the energy budget},
  author={Haynes, John M and Jakob, Christian and Rossow, William B and Tselioudis, George and Brown, Josephine},
  journal={Journal of Climate},
  volume={24},
  number={19},
  pages={5061--5080},
  year={2011},
  doi={10.1175/2011jcli4052.1}
}

@article{mcdonald2018,
  title={A Comparison of Cloud Classification Methodologies: Differences Between Cloud and Dynamical Regimes},
  author={McDonald, AJ and Parsons, Simon},
  journal={Journal of Geophysical Research: Atmospheres},
  volume={123},
  number={19},
  pages={11--173},
  year={2018},
  publisher={Wiley Online Library},
  doi={10.1029/2018jd028595}
}

@article{coggins2014,
  title={Synoptic climatology of the Ross Ice Shelf and Ross Sea region of Antarctica: k-means clustering and validation},
  author={Coggins, Jack HJ and McDonald, Adrian J and Jolly, Ben},
  journal={International journal of climatology},
  volume={34},
  number={7},
  pages={2330--2348},
  year={2014},
  publisher={Wiley Online Library},
  doi={10.1002/joc.3842}
}

@article{mcdonald2016,
  title={An automated satellite cloud classification scheme using self-organizing maps: Alternative ISCCP weather states},
  author={McDonald, Adrian J and Cassano, John J and Jolly, Ben and Parsons, Simon and Schuddeboom, Alex},
  journal={Journal of Geophysical Research: Atmospheres},
  volume={121},
  number={21},
  year={2016},
  publisher={Wiley Online Library},
  doi={10.1002/2016jd025199}
}

@article{sinclair1995,
  title={A climatology of cyclogenesis for the Southern Hemisphere},
  author={Sinclair, Mark R},
  journal={Monthly Weather Review},
  volume={123},
  number={6},
  pages={1601--1619},
  year={1995},
  doi={10.1175/1520-0493(1995)123<1601:acocft>2.0.co;2}
}

@article{simmonds2003,
  title={Synoptic activity in the seas around Antarctica},
  author={Simmonds, Ian and Keay, Kevin and Lim, Eun-Pa},
  journal={Monthly Weather Review},
  volume={131},
  number={2},
  pages={272--288},
  year={2003},
  doi={10.1175/1520-0493(2003)131<0272:saitsa>2.0.co;2}
}

@article{simmonds2003a,
  title={Modes of atmospheric variability over the Southern Ocean},
  author={Simmonds, Ian},
  journal={Journal of Geophysical Research: Oceans},
  volume={108},
  number={C4},
  year={2003},
  publisher={Wiley Online Library},
  doi={10.1029/2000jc000542}
}

@article{sinclair1994,
  title={An objective cyclone climatology for the Southern Hemisphere},
  author={Sinclair, Mark R},
  journal={Monthly Weather Review},
  volume={122},
  number={10},
  pages={2239--2256},
  year={1994},
  doi={10.1175/1520-0493(1994)122<2239:aoccft>2.0.co;2}
}

@article{simmonds2000,
  title={Mean Southern Hemisphere extratropical cyclone behavior in the 40-year NCEP--NCAR reanalysis},
  author={Simmonds, Ian and Keay, Kevin},
  journal={Journal of Climate},
  volume={13},
  number={5},
  pages={873--885},
  year={2000},
  doi={10.1175/1520-0442(2000)013<0873:mshecb>2.0.co;2}
}

@article{hoskins2005,
  title={A new perspective on Southern Hemisphere storm tracks},
  author={Hoskins, Brian John and Hodges, Kevin Ivan},
  journal={Journal of Climate},
  volume={18},
  number={20},
  pages={4108--4129},
  year={2005},
  doi={10.1175/jcli3570.1}
}

@article{hodges2011,
  title={A comparison of extratropical cyclones in recent reanalyses ERA-Interim, NASA MERRA, NCEP CFSR, and JRA-25},
  author={Hodges, Kevin I and Lee, Robert W and Bengtsson, Lennart},
  journal={Journal of Climate},
  volume={24},
  number={18},
  pages={4888--4906},
  year={2011},
  doi={10.1175/2011jcli4097.1}
}

@article{goldberg2013,
  title={Joint Polar Satellite System: The United States next generation civilian polar-orbiting environmental satellite system},
  author={Goldberg, Mitchell D and Kilcoyne, Heather and Cikanek, Harry and Mehta, Ajay},
  journal={Journal of Geophysical Research: Atmospheres},
  volume={118},
  number={24},
  pages={13--463},
  year={2013},
  publisher={Wiley Online Library},
  doi={10.1002/2013jd020389}
}

@article{parkinson2003,
  title={Aqua: An Earth-observing satellite mission to examine water and other climate variables},
  author={Parkinson, Claire L},
  journal={IEEE Transactions on Geoscience and Remote Sensing},
  volume={41},
  number={2},
  pages={173--183},
  year={2003},
  publisher={IEEE},
  doi={10.1109/tgrs.2002.808319}
}

@article{simpson1996,
  title={On the tropical rainfall measuring mission (TRMM)},
  author={Simpson, Joanne and Kummerow, C and Tao, W-K and Adler, Robert F},
  journal={Meteorology and Atmospheric Physics},
  volume={60},
  number={1-3},
  pages={19--36},
  year={1996},
  publisher={Springer},
  doi={10.1007/BF01029783}
}

@article{comiso2008,
  title={Trends in the sea ice cover using enhanced and compatible AMSR-E, SSM/I, and SMMR data},
  author={Comiso, Josefino C and Nishio, Fumihiko},
  journal={Journal of Geophysical Research: Oceans},
  volume={113},
  number={C2},
  year={2008},
  publisher={Wiley Online Library},
  doi={10.1029/2007JC004257}
}

@article{webb2001,
  title={Combining ERBE and ISCCP data to assess clouds in the Hadley Centre, ECMWF and LMD atmospheric climate models},
  author={Webb, Mi and Senior, C and Bony, S and Morcrette, J-J},
  journal={Climate Dynamics},
  volume={17},
  number={12},
  pages={905--922},
  year={2001},
  publisher={Springer},
  doi={10.1007/s003820100157}
}

@manual{schulzweida2018,
  title={CDO User Guide Version 1.9.5},
  author={Schulzweida, Uwe},
  year={2018}
}

@article{klein1993,
  title={The seasonal cycle of low stratiform clouds},
  author={Klein, Stephen A and Hartmann, Dennis L},
  journal={Journal of Climate},
  volume={6},
  number={8},
  pages={1587--1606},
  year={1993},
  doi={10.1175/1520-0442(1993)006<1587:TSCOLS>2.0.CO;2}
}

@article{williams2006,
  title={Evaluation of a component of the cloud response to climate change in an intercomparison of climate models},
  author={Williams, KD and Ringer, MA and Senior, CA and Webb, MJ and McAvaney, BJ and Andronova, N and Bony, S and Dufresne, J-L and Emori, S and Gudgel, R and others},
  journal={Climate Dynamics},
  volume={26},
  number={2-3},
  pages={145--165},
  year={2006},
  publisher={Springer},
  doi={10.1007/s00382-005-0067-7}
}

@article{naud2014,
  title={Evaluation of ERA-Interim and MERRA cloudiness in the Southern Ocean},
  author={Naud, Catherine M and Booth, James F and Del Genio, Anthony D},
  journal={Journal of Climate},
  volume={27},
  number={5},
  pages={2109--2124},
  year={2014},
  doi={10.1175/JCLI-D-13-00432.1}
}

@book{bohren2008,
  title={Absorption and scattering of light by small particles},
  author={Bohren, Craig F and Huffman, Donald R},
  year={1998},
  publisher={John Wiley \& Sons},
  isbn={978-0-471-29340-8}
}

@article{hartery2019,
  title={Atmospheric Measurements During the Antarctic and Southern Ocean Marine Environment and Ecosystem Study (ASOMEES)},
  author={Hartery, S and Kuma, P and McGregor, J and Marriner, A and Sellegri, K and Saint-Macary, A and Law, C and von Hobem, M and Kremser, S and Lennartz, S and Archer, S and DeMott, P and Hill, T and Querel, R and Brailsford, G and Geddes, A and Parsons, S and McDonald, A and Harvey, M},
  year={2019},
  note={in preparation}
}

@article{kuma2019,
  author={Kuma, P and McDonald, AJ and Morgenstern, O and Querel, R and Silber, I and Flynn, CJ},
  title={Ground-based lidar simulator framework for comparing models and observations (ALCF 1.0)},
  year={2020},
  note={submitted to Geoscientific Model Development},
  doi={10.5281/zenodo.3785715}
}

@book{emeis2010,
  title={Surface-based remote sensing of the atmospheric boundary layer},
  author={Emeis, Stefan},
  volume={40},
  year={2010},
  publisher={Springer Science \& Business Media},
  issn={1383-8601},
  isbn={978-90-481-9340-0},
  doi={10.1007/978-90-481-9340-0}
}

@article{chepfer2008,
  title={Use of CALIPSO lidar observations to evaluate the cloudiness simulated by a climate model},
  author={Chepfer, H{\'e}l{\`e}ne and Bony, Sandrine and Winker, Dave and Chiriaco, Marjolaine and Dufresne, J-L and S{\`e}ze, Genvi{\`e}ve},
  journal={Geophysical Research Letters},
  volume={35},
  number={15},
  year={2008},
  publisher={Wiley Online Library},
  doi={10.1029/2008gl034207}
}

@article{alexander2018,
  title={Cloud properties observed from the surface and by satellite at the northern edge of the Southern Ocean},
  author={Alexander, SP and Protat, A},
  journal={Journal of Geophysical Research: Atmospheres},
  volume={123},
  number={1},
  pages={443--456},
  year={2018},
  publisher={Wiley Online Library},
  doi={10.1002/2017jd026552}
}

@article{dee2011,
  title={The ERA-Interim reanalysis: Configuration and performance of the data assimilation system},
  author={Dee, Dick P and Uppala, S Mꎬ and Simmons, AJ and Berrisford, Paul and Poli, P and Kobayashi, S and Andrae, U and Balmaseda, MA and Balsamo, G and Bauer, d P and others},
  journal={Quarterly Journal of the royal meteorological society},
  volume={137},
  number={656},
  pages={553--597},
  year={2011},
  publisher={Wiley Online Library},
  doi={10.1002/qj.828}
}

@article{bony2015,
  title={Clouds, circulation and climate sensitivity},
  author={Bony, Sandrine and Stevens, Bjorn and Frierson, Dargan MW and Jakob, Christian and Kageyama, Masa and Pincus, Robert and Shepherd, Theodore G and Sherwood, Steven C and Siebesma, A Pier and Sobel, Adam H and others},
  journal={Nature Geoscience},
  volume={8},
  number={4},
  pages={261},
  year={2015},
  publisher={Nature Publishing Group},
  doi={10.1038/ngeo2398}
}

@incollection{flato2013,
  title={Evaluation of climate models},
  author={Flato, Gregory and Marotzke, Jochem and Abiodun, Babatunde and Braconnot, Pascale and Chou, S Chan and Collins, William and Cox, Peter and Driouech, Fatima and Emori, Seita and Eyring, Veronika and others},
  booktitle={Climate change 2013: the physical science basis. Contribution of Working Group I to the Fifth Assessment Report of the Intergovernmental Panel on Climate Change},
  pages={741--866},
  year={2014},
  publisher={Cambridge University Press},
  doi={10.1017/CBO9781107415324.020}
}

@article{vergara-temprado2018,
  title={Strong control of Southern Ocean cloud reflectivity by ice-nucleating particles},
  author={Vergara-Temprado, Jes{\'u}s and Miltenberger, Annette K and Furtado, Kalli and Grosvenor, Daniel P and Shipway, Ben J and Hill, Adrian A and Wilkinson, Jonathan M and Field, Paul R and Murray, Benjamin J and Carslaw, Ken S},
  journal={Proceedings of the National Academy of Sciences},
  volume={115},
  number={11},
  pages={2687--2692},
  year={2018},
  publisher={National Acad Sciences},
  doi={10.1073/pnas.1721627115}
}

@article{jakob2003,
  title={An improved strategy for the evaluation of cloud parameterizations in GCMs},
  author={Jakob, Christian},
  journal={Bulletin of the American Meteorological Society},
  volume={84},
  number={10},
  pages={1387--1402},
  year={2003},
  publisher={American Meteorological Society},
  doi={10.1175/bams-84-10-1387}
}

@article{wilson2008a,
  title={PC2: A prognostic cloud fraction and condensation scheme. I: Scheme description},
  author={Wilson, Damian R and Bushell, Andrew C and Kerr-Munslow, Amanda M and Price, Jeremy D and Morcrette, Cyril J},
  journal={Quarterly Journal of the Royal Meteorological Society: A journal of the atmospheric sciences, applied meteorology and physical oceanography},
  volume={134},
  number={637},
  pages={2093--2107},
  year={2008},
  publisher={Wiley Online Library},
  doi={10.1002/qj.333}
}

@article{wilson2008b,
  title={PC2: A prognostic cloud fraction and condensation scheme. II: Climate model simulations},
  author={Wilson, Damian R and Bushell, Andrew C and Kerr-Munslow, Amanda M and Price, Jeremy D and Morcrette, Cyril J and Bodas-Salcedo, Alejandro},
  journal={Quarterly Journal of the Royal Meteorological Society: A journal of the atmospheric sciences, applied meteorology and physical oceanography},
  volume={134},
  number={637},
  pages={2109--2125},
  year={2008},
  publisher={Wiley Online Library},
  doi={10.1002/qj.332}
}

@article{powers2012,
  title={A decade of Antarctic science support through AMPS},
  author={Powers, Jordan G and Manning, Kevin W and Bromwich, David H and Cassano, John J and Cayette, Arthur M},
  journal={Bulletin of the American Meteorological Society},
  volume={93},
  number={11},
  pages={1699--1712},
  year={2012},
  publisher={American Meteorological Society},
  doi={10.1175/bams-d-11-00186.1}
}

@article{listowski2019,
  title={Antarctic clouds, supercooled liquid water and mixed-phase investigated with DARDAR: geographical and seasonal variations},
  author={Listowski, Constantino and Delano{\"e}, Julien and Kirchgaessner, Am{\'e}lie and Lachlan-Cope, Tom and King, John},
  journal={Atmospheric Chemistry and Physics},
  volume={19},
  number={10},
  pages={6771--6808},
  year={2019},
  publisher={European Geosciences Union},
  doi={10.5194/acp-19-6771-2019}
}
