@article{williams2017,
  title={A multi-diagnostic approach to cloud evaluation},
  author={Williams, Keith D and Bodas-Salcedo, Alejandro},
  journal={J. Geophys. Res., submitted},
  volume={10},
  year={2017},
  doi={10.5194/gmd-10-2547-2017}
}

@article{mace2009,
  title={A description of hydrometeor layer occurrence statistics derived from the first year of merged Cloudsat and CALIPSO data},
  author={Mace, Gerald G and Zhang, Qiuqing and Vaughan, Mark and Marchand, Roger and Stephens, Graeme and Trepte, Chip and Winker, Dave},
  journal={Journal of Geophysical Research: Atmospheres},
  volume={114},
  number={D8},
  year={2009},
  publisher={Wiley Online Library},
  doi={10.1029/2007JD009755}
}

@article{trenberth2010,
  title={Simulation of present-day and twenty-first-century energy budgets of the southern oceans},
  author={Trenberth, Kevin E and Fasullo, John T},
  journal={Journal of Climate},
  volume={23},
  number={2},
  pages={440--454},
  year={2010},
  doi={10.1175/2009JCLI3152.1}
}

@article{bodas-salcedo2014,
  title={Origins of the solar radiation biases over the Southern Ocean in CFMIP2 models},
  author={Bodas-Salcedo, Alejandro and Williams, Keith D and Ringer, Mark A and Beau, Isabelle and Cole, Jason NS and Dufresne, J-L and Koshiro, Tsuyoshi and Stevens, Bjorn and Wang, Z and Yokohata, T},
  journal={Journal of Climate},
  volume={27},
  number={1},
  pages={41--56},
  year={2014},
  doi={10.1175/JCLI-D-13-00169.1}
}

@article{hwang2013,
  title={Link between the double-Intertropical Convergence Zone problem and cloud biases over the Southern Ocean},
  author={Hwang, Yen-Ting and Frierson, Dargan MW},
  journal={Proceedings of the National Academy of Sciences},
  volume={110},
  number={13},
  pages={4935--4940},
  year={2013},
  publisher={National Acad Sciences},
  doi={10.1073/pnas.1213302110}
}

@article{mason2014,
  title={Characterizing observed midtopped cloud regimes associated with Southern Ocean shortwave radiation biases},
  author={Mason, Shannon and Jakob, Christian and Protat, Alain and Delano{\"e}, Julien},
  journal={Journal of Climate},
  volume={27},
  number={16},
  pages={6189--6203},
  year={2014},
  doi={10.1175/JCLI-D-14-00139.1}
}

@article{bodas-salcedo2012,
  title={The surface downwelling solar radiation surplus over the Southern Ocean in the Met Office model: The role of midlatitude cyclone clouds},
  author={Bodas-Salcedo, A and Williams, KD and Field, PR and Lock, AP},
  journal={Journal of Climate},
  volume={25},
  number={21},
  pages={7467--7486},
  year={2012},
  doi={10.1175/JCLI-D-11-00702.1}
}

@inproceedings{davies2017,
  title={Observed cloud morphology and inferred microphysics over the South Pacific from MISR and MODIS measurements of shortwave reflectivity},
  author={Davies, Roger and Loveridge, Jesse and Rampal, Neelesh},
  booktitle={AIP Conference Proceedings},
  volume={1810},
  pages={130001},
  year={2017},
  organization={AIP Publishing},
  doi={10.1063/1.4975583}
}

@inproceedings{schuddeboom2017,
  title={Examining the NZESM Cloud representation with Self Organizing Maps},
  author={Schuddeboom, Alex and McDonald, Adrian and Parsons, Simon and Morgenstern, Olaf and Harvey, Mike},
  booktitle={EGU General Assembly Conference Abstracts},
  volume={19},
  pages={11287},
  year={2017}
}

@article{morrison2011,
  title={A three-year climatology of cloud-top phase over the Southern Ocean and North Pacific},
  author={Morrison, Anthony E and Siems, Steven T and Manton, Michael J},
  journal={Journal of Climate},
  volume={24},
  number={9},
  pages={2405--2418},
  year={2011},
  doi={10.1175/2010JCLI3842.1}
}

@article{lawson2014,
  title={Impact of Antarctic mixed-phase clouds on climate},
  author={Lawson, R Paul and Gettelman, Andrew},
  journal={Proceedings of the National Academy of Sciences},
  volume={111},
  number={51},
  pages={18156--18161},
  year={2014},
  publisher={National Acad Sciences},
  doi={10.1073/pnas.1418197111}
}

@article{kay2016,
  title={Global climate impacts of fixing the Southern Ocean shortwave radiation bias in the Community Earth System Model (CESM)},
  author={Kay, Jennifer E and Wall, Casey and Yettella, Vineel and Medeiros, Brian and Hannay, Cecile and Caldwell, Peter and Bitz, Cecilia},
  journal={Journal of Climate},
  volume={29},
  number={12},
  pages={4617--4636},
  year={2016},
  doi={10.1175/JCLI-D-15-0358.1}
}

@article{schiffer1983,
  title={The International Satellite Cloud Climatology Project(ISCCP)- The first project of the World Climate Research Programme},
  author={Schiffer, RA and Rossow, William B},
  journal={American Meteorological Society, Bulletin},
  volume={64},
  pages={779--784},
  year={1983},
  doi={10.1175/1520-0477-64.7.779}
}

@article{meier1997,
  title={Multiparameter AVHRR-derived products for Arctic climate studies},
  author={Meier, Walter N and Maslanik, James A and Fowler, Charles W and Key, Jeffrey R},
  journal={Earth interactions},
  volume={1},
  number={5},
  pages={1--29},
  year={1997},
  doi={10.1175/1087-3562(1997)001<0001:MADPFA>2.3.CO;2}
}

@article{stephens2008,
  title={CloudSat mission: Performance and early science after the first year of operation},
  author={Stephens, Graeme L and Vane, Deborah G and Tanelli, Simone and Im, Eastwood and Durden, Stephen and Rokey, Mark and Reinke, Don and Partain, Philip and Mace, Gerald G and Austin, Richard and others},
  journal={Journal of Geophysical Research: Atmospheres},
  volume={113},
  number={D8},
  year={2008},
  publisher={Wiley Online Library},
  doi={10.1029/2008JD009982}
}

@inproceedings{winker2003,
  title={The CALIPSO mission: Spaceborne lidar foStephens200r observation of aerosols and clouds},
  author={Winker, David M and Pelon, Jacques R and McCormick, M Patrick},
  booktitle={Third International Asia-Pacific Environmental Remote Sensing Remote Sensing of the Atmosphere, Ocean, Environment, and Space},
  pages={1--11},
  year={2003},
  organization={International Society for Optics and Photonics},
  doi={10.1117/12.466539}
}

@article{bromwich2012,
  title={Tropospheric clouds in Antarctica},
  author={Bromwich, David H and Nicolas, Julien P and Hines, Keith M and Kay, Jennifer E and Key, Erica L and Lazzara, Matthew A and Lubin, Dan and McFarquhar, Greg M and Gorodetskaya, Irina V and Grosvenor, Daniel P and others},
  journal={Reviews of Geophysics},
  volume={50},
  number={1},
  year={2012},
  publisher={Wiley Online Library},
  doi={10.1029/2011RG000363}
}

@article{chepfer2010,
  title={The GCM-Oriented CALIPSO Cloud Product (CALIPSO-GOCCP)},
  author={Chepfer, H and Bony, S and Winker, D and Cesana, G and Dufresne, JL and Minnis, P and Stubenrauch, CJ and Zeng, S},
  journal={Journal of Geophysical Research: Atmospheres},
  volume={115},
  number={D4},
  year={2010},
  publisher={Wiley Online Library},
  doi={10.1029/2009JD012251}
}

@article{hagihara2010,
  title={Development of a combined CloudSat-CALIPSO cloud mask to show global cloud distribution},
  author={Hagihara, Yuichiro and Okamoto, Hajime and Yoshida, Ryo},
  journal={Journal of Geophysical Research: Atmospheres},
  volume={115},
  number={D4},
  year={2010},
  publisher={Wiley Online Library},
  doi={10.1029/2009JD012344}
}

@article{martucci2010,
  title={Detection of cloud-base height using Jenoptik CHM15K and Vaisala CL31 ceilometers},
  author={Martucci, Giovanni and Milroy, Conor and O’Dowd, Colin D},
  journal={Journal of Atmospheric and Oceanic Technology},
  volume={27},
  number={2},
  pages={305--318},
  year={2010},
  doi={10.1175/2009JTECHA1326.1}
}

@article{muhlbauer2015,
  title={Evaluation of cloud-resolving model simulations of midlatitude cirrus with ARM and A-train observations},
  author={Muhlbauer, Andreas and Ackerman, TP and Lawson, RP and Xie, S and Zhang, Y},
  journal={Journal of Geophysical Research: Atmospheres},
  volume={120},
  number={13},
  pages={6597--6618},
  year={2015},
  publisher={Wiley Online Library},
  doi={10.1002/2014JD022570}
}

@article{zhang2017,
  title={A comparison of cloud layers from ground and satellite active remote sensing at the Southern Great Plains ARM site},
  author={Zhang, Jinqiang and Xia, Xiang’ao and Chen, Hongbin},
  journal={Advances in Atmospheric Sciences},
  volume={34},
  number={3},
  pages={347--359},
  year={2017},
  publisher={Springer},
  doi={10.1007/s00376-016-6030-1}
}

@article{bodas-salcedo2011,
  title={COSP: Satellite simulation software for model assessment},
  author={Bodas-Salcedo, A and Webb, MJ and Bony, S and Chepfer, H and Dufresne, J-L and Klein, SA and Zhang, Y and Marchand, R and Haynes, JM and Pincus, R and others},
  journal={Bulletin of the American Meteorological Society},
  volume={92},
  number={8},
  pages={1023--1043},
  year={2011},
  publisher={American Meteorological Society},
  doi={10.1175/2011BAMS2856.1}
}

@article{bony2011,
  title={CFMIP: Towards a better evaluation and understanding of clouds and cloud feedbacks in CMIP5 models},
  author={Bony, Sandrine and Webb, Mark and Bretherton, CS and Klein, SA and Siebesma, Pier and Tselioudis, George and Zhang, Minghua},
  journal={Clivar Exchanges},
  volume={56},
  number={2},
  pages={20--22},
  year={2011}
}

@article{taylor2011,
  title={An overview of CMIP5 and the experiment design},
  author={Taylor, Karl E and Stouffer, Ronald J and Meehl, Gerald A},
  journal={Bulletin of the American Meteorological Society},
  volume={93},
  number={4},
  pages={485--498},
  year={2012},
  publisher={American Meteorological Society},
  doi={10.1175/BAMS-D-11-00094.1}
}

@article{haynes2007,
  title={A multipurpose radar simulation package: QuickBeam},
  author={Haynes, JM and Luo, Z and Stephens, GL and Marchand, RT and Bodas-Salcedo, A},
  journal={Bulletin of the American Meteorological Society},
  volume={88},
  number={11},
  pages={1723--1727},
  year={2007},
  doi={10.1175/BAMS-88-11-1723}
}

@article{chepfer2008,
  title={Use of CALIPSO lidar observations to evaluate the cloudiness simulated by a climate model},
  author={Chepfer, H{\'e}lene and Bony, Sandrine and Winker, Dave and Chiriaco, Marjolaine and Dufresne, J-L and S{\`e}ze, Genvi{\`e}ve},
  journal={Geophysical Research Letters},
  volume={35},
  number={15},
  year={2008},
  publisher={Wiley Online Library},
  doi={10.1029/2008GL034207}
}

@article{edwards1996,
  title={Studies with a flexible new radiation code. I: Choosing a configuration for a large-scale model},
  author={Edwards, JM and Slingo, A},
  journal={Quarterly Journal of the Royal Meteorological Society},
  volume={122},
  number={531},
  pages={689--719},
  year={1996},
  publisher={Wiley Online Library},
  doi={10.1002/qj.49712253107}
}

@article{barker1999,
  title={The sensitivity of domain-averaged solar fluxes to assumptions about cloud geometry},
  author={Barker, Howard W and Stephens, Graeme L and Fu, Qiang},
  journal={Quarterly Journal of the Royal Meteorological Society},
  volume={125},
  number={558},
  pages={2127--2152},
  year={1999},
  publisher={Wiley Online Library},
  doi={10.1002/qj.49712555810}
}

@article{raisanen2004,
  title={Stochastic generation of subgrid-scale cloudy columns for large-scale models},
  author={R{\"a}is{\"a}nen, Petri and Barker, Howard W and Khairoutdinov, Marat F and Li, Jiangnan and Randall, David A},
  journal={Quarterly Journal of the Royal Meteorological Society},
  volume={130},
  number={601},
  pages={2047--2067},
  year={2004},
  publisher={Wiley Online Library},
  doi={10.1256/qj.03.99}
}

@article{haynes2011,
  title={Major characteristics of Southern Ocean cloud regimes and their effects on the energy budget},
  author={Haynes, John M and Jakob, Christian and Rossow, William B and Tselioudis, George and Brown, Josephine},
  journal={Journal of Climate},
  volume={24},
  number={19},
  pages={5061--5080},
  year={2011},
  doi={10.1175/2011JCLI4052.1}
}

@misc{edwards2015,
  title={{Unified Model Documentation Paper 023: The Radiation Code}},
  author={Edwards, J. M. and Manners, J. and Thelen, J.-C. and Ingram, W. J. and Hill, P. G.},
  year={2015}
}

@article{zelinka2017,
  title={Clearing clouds of uncertainty},
  author={Zelinka, Mark D and Randall, David A and Webb, Mark J and Klein, Stephen A},
  journal={Nature Climate Change},
  volume={7},
  number={10},
  pages={674--678},
  year={2017},
  publisher={Nature Research},
  doi={10.1038/nclimate3402}
}

@article{williams2016,
 ISSN = {01115499},
 author = {J. Williams and O. Morgenstern and V. Varma and E. Behrens and W. Hayek and H. Oliver and S. Dean and B. Mullan and D. Frame},
 journal = {Weather and Climate},
 pages = {25--44},
 publisher = {Meteorological Society of New Zealand},
 title = {Development of the New Zealand Earth System Model: NZESM},
 volume = {36},
 year = {2016},
 doi = {10.2307/26779386}
}

@inproceedings{mcfarquhar2014,
  title={The Southern Ocean Clouds, Radiation, Aerosol Transport Experimental Study (SOCRATES): An Observational Campaign for Determining Role of Clouds, Aerosols and Radiation in Climate System},
  author={McFarquhar, GM and Wood, R and Bretherton, CS and Alexander, S and Jakob, C and Marchand, R and Protat, A and Quinn, P and Siems, ST and Weller, RA},
  booktitle={AGU Fall Meeting Abstracts},
  year={2014}
}

@article{eyring2016,
  title={Overview of the Coupled Model Intercomparison Project Phase 6 (CMIP6) experimental design and organization},
  author={Eyring, Veronika and Bony, Sandrine and Meehl, Gerald A and Senior, Catherine A and Stevens, Bjorn and Stouffer, Ronald J and Taylor, Karl E},
  journal={Geoscientific Model Development},
  volume={9},
  number={5},
  pages={1937--1958},
  year={2016},
  doi={10.5194/gmd-9-1937-2016}
}

@article{meehl2014,
  title={Climate model intercomparisons: preparing for the next phase},
  author={Meehl, Gerald A and Moss, Richard and Taylor, Karl E and Eyring, Veronika and Stouffer, Ronald J and Bony, Sandrine and Stevens, Bjorn},
  journal={Eos, Transactions American Geophysical Union},
  volume={95},
  number={9},
  pages={77--78},
  year={2014},
  publisher={Wiley Online Library},
  doi={10.1002/2014EO090001}
}

@article{hill2011,
  title={Reducing noise associated with the Monte Carlo Independent Column Approximation for weather forecasting models},
  author={Hill, PG and Manners, J and Petch, JC},
  journal={Quarterly Journal of the Royal Meteorological Society},
  volume={137},
  number={654},
  pages={219--228},
  year={2011},
  publisher={Wiley Online Library},
  doi={10.1002/qj.732}
}

@inproceedings{rew2006,
  title={NetCDF-4: Software implementing an enhanced data model for the geosciences},
  author={Rew, R and Hartnett, E and Caron, J and others},
  booktitle={22nd International Conference on Interactive Information Processing Systems for Meteorology, Oceanograph, and Hydrology},
  year={2006}
}

@article{smith1977,
  title={Nimbus-6 earth radiation budget experiment},
  author={Smith, WL and Hickey, J and Howell, Hugh B and Jacobowitz, H and Hilleary, DT and Drummond, AJ},
  journal={Applied optics},
  volume={16},
  number={2},
  pages={306--318},
  year={1977},
  publisher={Optical Society of America},
  doi={10.1364/ao.16.000306}
}

@article{barkstrom1984,
  title={The earth radiation budget experiment (ERBE)},
  author={Barkstrom, Bruce R},
  journal={Bulletin of the American Meteorological Society},
  volume={65},
  number={11},
  pages={1170--1185},
  year={1984},
  doi={10.1002/0471743984.vse2742}
}

@article{wielicki1996,
  title={Clouds and the Earth's Radiant Energy System (CERES): An earth observing system experiment},
  author={Wielicki, Bruce A and Barkstrom, Bruce R and Harrison, Edwin F and Lee III, Robert B and Louis Smith, G and Cooper, John E},
  journal={Bulletin of the American Meteorological Society},
  volume={77},
  number={5},
  pages={853--868},
  year={1996},
  doi={10.1175/1520-0477(1996)077<0853:CATERE>2.0.CO;2}
}

@inproceedings{wiscombe2013,
  title={The next step in Earth radiation budget measurements},
  author={Wiscombe, Warren and Chiu, Christine},
  booktitle={AIP Conference Proceedings},
  volume={1531},
  number={1},
  pages={648--651},
  year={2013},
  organization={AIP},
  doi={10.1063/1.4804853}
}

@article{hourdin2017,
  title={The art and science of climate model tuning},
  author={Hourdin, Frederic and Mauritsen, Thorsten and Gettelman, Andrew and Golaz, Jean-Christophe and Balaji, Venkatramani and Duan, Qingyun and Folini, Doris and Ji, Duoying and Klocke, Daniel and Qian, Yun and others},
  journal={Bulletin of the American Meteorological Society},
  volume={98},
  number={3},
  pages={589--602},
  year={2017},
  doi={10.1175/BAMS-D-15-00135.1}
}

@article{harries2005,
  title={The geostationary earth radiation budget project},
  author={Harries, John E and Russell, JE and Hanafin, JA and Brindley, H and Futyan, J and Rufus, J and Kellock, S and Matthews, G and Wrigley, R and Last, A and others},
  journal={Bulletin of the American Meteorological Society},
  volume={86},
  number={7},
  pages={945--960},
  year={2005},
  doi={10.1175/BAMS-86-7-945}
}

@article{sandford2003,
  title={The geostationary Earth radiation budget (GERB) instrument on EUMETSAT's MSG satellite},
  author={Sandford, MCW and Allan, PM and Caldwell, ME and Delderfield, J and Oliver, MB and Sawyer, E and Harries, JE and Ashmall, J and Brindley, H and Kellock, S and others},
  journal={Acta Astronautica},
  volume={53},
  number={11},
  pages={909--915},
  year={2003},
  publisher={Elsevier},
  doi={10.1016/S0094-5765(02)00209-6}
}

@article{doelling2013,
  title={Geostationary enhanced temporal interpolation for CERES flux products},
  author={Doelling, David R and Loeb, Norman G and Keyes, Dennis F and Nordeen, Michele L and Morstad, Daniel and Nguyen, Cathy and Wielicki, Bruce A and Young, David F and Sun, Moguo},
  journal={Journal of Atmospheric and Oceanic Technology},
  volume={30},
  number={6},
  pages={1072--1090},
  year={2013},
  doi={10.1175/JTECH-D-12-00136.1}
}

@incollection{gentemann2010,
  title={Passive microwave remote sensing of the ocean: An overview},
  author={Gentemann, Chelle L and Wentz, Frank J and Brewer, Marty and Hilburn, Kyle and Smith, Deborah},
  booktitle={Oceanography from Space},
  pages={13--33},
  year={2010},
  publisher={Springer},
  doi={10.1007/978-90-481-8681-5_2},
  isbn={978-90-481-8681-5}
}

@article{kandel1994,
  title={The ScaRaB project: Earth radiation budget observations from the Meteor satellites},
  author={Kandel, RS and Monge, J-L and Viollier, M and Pakhomov, LA and Adasko, VI and Reitenbach, RG and Raschke, E and Stuhlmann, R},
  journal={Advances in Space Research},
  volume={14},
  number={1},
  pages={47--54},
  year={1994},
  publisher={Elsevier},
  doi={10.1016/0273-1177(94)90346-8}
}

@inproceedings{khlopenkov2017,
  title={Development of multi-sensor global cloud and radiance composites for earth radiation budget monitoring from DSCOVR},
  author={Khlopenkov, Konstantin and Duda, David and Thieman, Mandana and Minnis, Patrick and Su, Wenying and Bedka, Kristopher},
  booktitle={Remote Sensing of Clouds and the Atmosphere XXII},
  volume={10424},
  pages={104240K},
  year={2017},
  organization={International Society for Optics and Photonics},
  doi={10.1117/12.2278645}
}

@article{schmidt2017,
  title={Practice and philosophy of climate model tuning across six US modeling centers},
  author={Schmidt, Gavin A and Bader, David and Donner, Leo J and Elsaesser, Gregory S and Golaz, Jean-Christophe and Hannay, Cecile and Molod, Andrea and Neale, Richard B and Saha, Suranjana},
  journal={Geoscientific Model Development},
  volume={10},
  number={9},
  pages={3207},
  year={2017},
  publisher={Copernicus GmbH},
  doi={10.5194/gmd-2017-30-ac1}
}

@misc{damadeo2017,
  title={{CERES: Clouds and the Earth’s Radiant Energy System}},
  author={Damadeo, Kristyn and Hanson Heather},
  url={https://eospso.gsfc.nasa.gov/sites/default/files/publications/CERES%20Mission%20Brochure%20508.pdf},
  organization={{National Aeronautics and Space Administration}},
  year={2017}
}

@article{smith2011,
  title={Clouds and Earth Radiant Energy System (CERES), a review: Past, present and future},
  author={Smith, GL and Priestley, KJ and Loeb, NG and Wielicki, BA and Charlock, TP and Minnis, P and Doelling, DR and Rutan, DA},
  journal={Advances in Space Research},
  volume={48},
  number={2},
  pages={254--263},
  year={2011},
  publisher={Elsevier},
  doi={10.1016/j.asr.2011.03.009}
}

@article{loeb2017,
  title={Clouds and the Earth’s Radiant Energy System (CERES) Energy Balanced and Filled (EBAF) Top-of-Atmosphere (TOA) Edition 4.0 Data Product},
  author={Loeb, Norman G and Doelling, David R and Wang, Hailan and Su, Wenying and Nguyen, Cathy and Corbett, Joseph G and Liang, Lusheng and Mitrescu, Cristian and Rose, Fred G and Kato, Seiji},
  journal={Journal of Climate},
  number={2017},
  year={2017},
  doi={10.1175/jcli-d-17-0208.1}
}

@article{webb2001,
  title={Combining ERBE and ISCCP data to assess clouds in the Hadley Centre, ECMWF and LMD atmospheric climate models},
  author={Webb, Mi and Senior, C and Bony, S and Morcrette, J-J},
  journal={Climate Dynamics},
  volume={17},
  number={12},
  pages={905--922},
  year={2001},
  publisher={Springer},
  doi={10.1007/s003820100157}
}

@article{chiriaco2006,
  title={The ability of MM5 to simulate ice clouds: Systematic comparison between simulated and measured fluxes and lidar/radar profiles at the SIRTA atmospheric observatory},
  author={Chiriaco, Marjolaine and Vautard, Robert and Chepfer, H{\'e}l{\`e}ne and Haeffelin, Martial and Dudhia, J and Wanherdrick, Y and Morille, Yohann and Protat, Alain},
  journal={Monthly weather review},
  volume={134},
  number={3},
  pages={897--918},
  year={2006},
  doi={10.1175/mwr3102.1}
}

@article{ritter1992,
  title={A comprehensive radiation scheme for numerical weather prediction models with potential applications in climate simulations},
  author={Ritter, Bodo and Geleyn, Jean-Francois},
  journal={Monthly weather review},
  volume={120},
  number={2},
  pages={303--325},
  year={1992},
  doi={10.1175/1520-0493(1992)120<0303:acrsfn>2.0.co;2}
}

@article{jakob2003,
  title={An improved strategy for the evaluation of cloud parameterizations in GCMs},
  author={Jakob, Christian},
  journal={Bulletin of the American Meteorological Society},
  volume={84},
  number={10},
  pages={1387--1402},
  year={2003},
  publisher={American Meteorological Society},
  doi={10.1175/bams-84-10-1387}
}

@article{mace2018a,
  title={Clouds over the Southern Ocean as observed from the R/V Investigator during CAPRICORN. Part I: Cloud occurrence and phase partitioning},
  author={Mace, Gerald G and Protat, Alain},
  journal={Journal of Applied Meteorology and Climatology},
  volume={57},
  number={8},
  pages={1783--1803},
  year={2018},
  doi={10.1175/JAMC-D-17-0194.1}
}

@article{mace2018b,
  title={Clouds over the Southern Ocean as observed from the R/V Investigator during CAPRICORN. Part II: The properties of nonprecipitating stratocumulus},
  author={Mace, Gerald G and Protat, Alain},
  journal={Journal of Applied Meteorology and Climatology},
  volume={57},
  number={8},
  pages={1805--1823},
  year={2018},
  doi={10.1175/JAMC-D-17-0195.1}
}

@article{gettelman2020,
  title={Simulating Observations of Southern Ocean Clouds and Implications for Climate},
  author={Gettelman, Andrew and Bardeen, Charles and McCluskey, Christina S and J{\"a}rvinen, Emma and Stith, Jeffrey and Brethenton, Chris},
  year={2020},
  journal = {Earth and Space Science Open Archive},
  doi={10.1002/essoar.10502322.1}
}

@article{noh2017,
  title={Cloud-base height estimation from VIIRS. Part II: A statistical algorithm based on A-Train satellite data},
  author={Noh, Yoo-Jeong and Forsythe, John M and Miller, Steven D and Seaman, Curtis J and Li, Yue and Heidinger, Andrew K and Lindsey, Daniel T and Rogers, Matthew A and Partain, Philip T},
  journal={Journal of Atmospheric and Oceanic Technology},
  volume={34},
  number={3},
  pages={585--598},
  year={2017},
  doi={10.1175/JTECH-D-16-0110.1}
}

@article{klekociuk2018,
  title={The state of the atmosphere in the 2016 southern Kerguelen Axis campaign region},
  author={Klekociuk, Andrew R and French, W John R and Alexander, Simon P and Kuma, Peter and McDonald, Adrian J},
  journal={Deep Sea Research Part II: Topical Studies in Oceanography},
  year={2019},
  publisher={Elsevier},
  doi={10.1016/j.dsr2.2019.02.001}
}

@article{jolly2018,
  title={An analysis of the cloud environment over the Ross Sea and Ross Ice Shelf using CloudSat/CALIPSO satellite observations: the importance of synoptic forcing},
  author={Jolly, Ben and Kuma, Peter and McDonald, Adrian and Parsons, Simon},
  journal={Atmospheric Chemistry and Physics},
  volume={18},
  number={13},
  pages={9723--9739},
  year={2018},
  publisher={Copernicus GmbH}
}

@article{hartery2020a,
  title={Constraining the surface flux of sea spray particles from the Southern Ocean},
  author={Hartery, Sean and Toohey, D and Revell, Laura and Sellegri, Karine and Kuma, Peter and Harvey, M and McDonald, Adrian J},
  journal={Journal of Geophysical Research: Atmospheres},
  volume={125},
  number={4},
  pages={e2019JD032026},
  year={2020},
  publisher={Wiley Online Library},
  doi={10.1029/2019JD032026}
}

@article{hartery2020b,
author = {Hartery, Sean and Kuma, Peter and Harvey, Mike J and McDonald, Adrian J.},
title = {Quantification of Boundary Layer Mixing over the Southern Ocean Using In-Situ and Remotely-Sensed Measurements},
journal = {Earth and Space Science Open Archive},
pages = {13},
year = {2020},
DOI = {10.1002/essoar.10502904.1}
}

@article{kuma2020a,
  author={Kuma, P and McDonald, AJ and Morgenstern, O and Alexander, SP and Cassano, JJ and Garrett, S and Halla, J and Hartery, S and Harvey, MJ and Parsons, S and Plank, G and Varma, V and Williams, J},
  title={Evaluation of Southern Ocean cloud in the HadGEM3 general circulation model and MERRA-2 reanalysis using ship-based observations},
  journal={Atmospheric Chemistry and Physics},
  year={2020},
  note={accepted},
  doi={10.5194/acp-2019-201}
}

@article{kuma2020b,
  author={Kuma, P and McDonald, AJ and Morgenstern, O and Querel, R and Silber, I and Flynn, CJ},
  title={Ground-based lidar simulator framework for comparing models and observations (ALCF 1.0)},
  year={2020},
  journal={Geoscientific Model Development Discussions},
  doi={10.5194/gmd-2020-25},
  pages={1--45},
  volume={2020},
  note={in review}
}

@article{kelleher2019,
  title={Examining Southern Ocean Cloud Controlling Factors on Daily Time Scales and Their Connections to Midlatitude Weather Systems},
  author={Kelleher, Mitchell K and Grise, Kevin M},
  journal={Journal of Climate},
  volume={32},
  number={16},
  pages={5145--5160},
  year={2019},
  doi={10.1175/JCLI-D-18-0840.1}
}

@article{frolicher2015,
  title={Dominance of the Southern Ocean in anthropogenic carbon and heat uptake in CMIP5 models},
  author={Fr{\"o}licher, Thomas L and Sarmiento, Jorge L and Paynter, David J and Dunne, John P and Krasting, John P and Winton, Michael},
  journal={Journal of Climate},
  volume={28},
  number={2},
  pages={862--886},
  year={2015},
  doi={10.1175/JCLI-D-14-00117.1}
}

@misc{mcfarquhar2016,
author={McFarquhar, G},
title={Measurements of Aerosols, Radiation, and Clouds over the Southern Ocean (MARCUS) Science Plan},
year={2016},
organization={ARM}
}

@misc{demott2018,
title={Macquarie Island Cloud and Radiation Experiment (MICRE) Ice Nucleating Particle Measurements Field Campaign Report},
author={DeMott, PJ and Hill, TCJ and Marchand, R and Alexander, S},
year={2018},
organization={ARM}
}

@article{zheng2019,
  title={Episodes of Warm-Air Advection Causing Cloud-Surface Decoupling During the MARCUS},
  author={Zheng, Youtong and Li, Zhanqing},
  journal={Journal of Geophysical Research: Atmospheres},
  year={2019},
  publisher={Wiley Online Library},
  doi={10.1029/2019JD030835}
}

@article{noh2019,
  title={Satellite-based detection of daytime supercooled liquid-topped mixed-phase clouds over the Southern Ocean using the Advanced Himawari Imager},
  author={Noh, Yoo-Jeong and Miller, Steven D and Heidinger, Andrew K and Mace, Gerald G and Protat, Alain and Alexander, Simon P},
  journal={Journal of Geophysical Research: Atmospheres},
  volume={124},
  number={5},
  pages={2677--2701},
  year={2019},
  publisher={Wiley Online Library},
  doi={10.1029/2018JD029524}
}

@misc{bosilovich2015,
  title={MERRA-2: File specification},
  author={Bosilovich, MG and Lucchesi, R and Suarez, M},
  year={2015}
}

@article{swales2018,
  title={The Cloud Feedback Model Intercomparison Project Observational Simulator Package: Version 2},
  author={Swales, Dustin J and Pincus, Robert and Bodas-Salcedo, Alejandro},
  journal={Geoscientific Model Development},
  volume={11},
  number={1},
  pages={77--81},
  year={2018},
  publisher={Copernicus GmbH},
  doi={10.5194/gmd-2017-148}
}

@article{palmer2011,
  title={Computational Colossus},
  author={Palmer, Juliet},
  journal={Engineering Insight},
  volume={12},
  number={1},
  pages={32},
  year={2011},
  publisher={Institution of Professional Engineers New Zealand},
  issn={2230-2549}
}

@article{hewitt2011,
  title={Design and implementation of the infrastructure of HadGEM3: The next-generation Met Office climate modelling system},
  author={Hewitt, HT and Copsey, D and Culverwell, ID and Harris, CM and Hill, RSR and Keen, AB and McLaren, AJ and Hunke, EC},
  journal={Geoscientific Model Development},
  volume={4},
  number={2},
  pages={223--253},
  year={2011},
  publisher={Copernicus GmbH},
  doi={10.5194/gmd-4-223-2011}
}

@article{doelling2016,
  title={Improvements to the geostationary visible imager ray-matching calibration algorithm for CERES Edition 4},
  author={Doelling, David R and Haney, Conor O and Scarino, Benjamin R and Gopalan, Arun and Bhatt, Rajendra},
  journal={Journal of Atmospheric and Oceanic Technology},
  volume={33},
  number={12},
  pages={2679--2698},
  year={2016},
  doi={10.1175/jtech-d-16-0113.1}
}

@article{schuddeboom2019,
  title={Cluster-Based Evaluation of Model Compensating Errors: A Case Study of Cloud Radiative Effect in the Southern Ocean},
  author={Schuddeboom, Alex and Varma, Vidya and McDonald, Adrian J and Morgenstern, Olaf and Harvey, Mike and Parsons, Simon and Field, Paul and Furtado, Kalli},
  journal={Geophysical Research Letters},
  volume={46},
  number={6},
  pages={3446--3453},
  year={2019},
  publisher={Wiley Online Library},
  doi={10.1029/2018GL081686}
}

@article{nam2012,
  title={The ‘too few, too bright’tropical low-cloud problem in CMIP5 models},
  author={Nam, Christine and Bony, Sandrine and Dufresne, J-L and Chepfer, H},
  journal={Geophysical Research Letters},
  volume={39},
  number={21},
  year={2012},
  publisher={Wiley Online Library},
  doi={10.1029/2012gl053421}
}

@article{klein2013,
  title={Are climate model simulations of clouds improving? An evaluation using the ISCCP simulator},
  author={Klein, Stephen A and Zhang, Yuying and Zelinka, Mark D and Pincus, Robert and Boyle, James and Gleckler, Peter J},
  journal={Journal of Geophysical Research: Atmospheres},
  volume={118},
  number={3},
  pages={1329--1342},
  year={2013},
  publisher={Wiley Online Library},
  doi={10.1002/jgrd.50141}
}

@article{frey2018,
  title={The combined influence of observed Southern Ocean clouds and sea ice on top-of-atmosphere albedo},
  author={Frey, WR and Morrison, AL and Kay, JE and Guzman, R and Chepfer, H},
  journal={Journal of Geophysical Research: Atmospheres},
  volume={123},
  number={9},
  pages={4461--4475},
  year={2018},
  publisher={Wiley Online Library},
  doi={10.1029/2018JD028505}
}

@article{telford2008,
  title={Description and assessment of a nudged version of the new dynamics Unified Model},
  author={Telford, PJ and Braesicke, P and Morgenstern, O and Pyle, JA},
  journal={Atmospheric Chemistry and Physics},
  volume={8},
  number={6},
  pages={1701--1712},
  year={2008},
  publisher={Copernicus GmbH},
  doi={10.5194/acp-8-1701-2008}
}

@misc{maslanik1999,
  author={Maslanik, J and Stroeve, J},
  title={{Near-Real-Time DMSP SSMIS Daily Polar Gridded Sea Ice Concentrations, Version 1}},
  year={1999},
  organization={NASA National Snow and Ice Data Center Distributed Active Archive Center},
  location={Boulder, Colorado USA},
  doi={10.5067/U8C09DWVX9LM}
}

@article{schlosser2018,
  title={Atmospheric influences on the anomalous 2016 {Antarctic} sea ice decay},
  author={Schlosser, Elisabeth and Haumann, F Alexander and Raphael, Marilyn N},
  journal={The Cryosphere},
  volume={12},
  number={3},
  pages={1103--1119},
  year={2018},
  publisher={Copernicus},
  doi={10.5194/tc-12-1103-2018}
}

@article{doddridge2017,
  title={Modulation of the seasonal cycle of {Antarctic} sea ice extent related to the {Southern Annular Mode}},
  author={Doddridge, Edward W and Marshall, John},
  journal={Geophysical Research Letters},
  volume={44},
  number={19},
  pages={9761--9768},
  year={2017},
  publisher={Wiley Online Library},
  doi={10.1002/2017gl074319}
}

@article{kusahara2018,
  title={An ocean-sea ice model study of the unprecedented {Antarctic} sea ice minimum in 2016},
  author={Kusahara, Kazuya and Reid, Phillip and Williams, Guy D and Massom, Robert and Hasumi, Hiroyasu},
  journal={Environmental Research Letters},
  volume={13},
  number={8},
  pages={084020},
  year={2018},
  publisher={IOP Publishing},
  doi={10.1088/1748-9326/aad624}
}

@article{turner2017,
  title={Unprecedented springtime retreat of {Antarctic} sea ice in 2016},
  author={Turner, John and Phillips, Tony and Marshall, Gareth J and Hosking, J Scott and Pope, James O and Bracegirdle, Thomas J and Deb, Pranab},
  journal={Geophysical Research Letters},
  volume={44},
  number={13},
  pages={6868--6875},
  year={2017},
  publisher={Wiley Online Library},
  doi={10.1002/2017gl073656}
}

@article{stuecker2017,
  title={Conditions leading to the unprecedented low Antarctic sea ice extent during the 2016 austral spring season},
  author={Stuecker, Malte F and Bitz, Cecilia M and Armour, Kyle C},
  journal={Geophysical Research Letters},
  volume={44},
  number={17},
  pages={9008--9019},
  year={2017},
  publisher={Wiley Online Library},
  doi={10.1002/2017gl074691}
}

@article{tange2011,
  title={Gnu parallel-the command-line power tool},
  author={Tange, Ole and others},
  journal={The USENIX Magazine},
  volume={36},
  number={1},
  pages={42--47},
  year={2011}
}

@Misc{scipy,
  author={Eric Jones and Travis Oliphant and Pearu Peterson and others},
  title={{SciPy}: Open source scientific tools for {Python}},
  year={2001--},
  url={http://www.scipy.org},
  note={accessed 23 November 2018}
}

@book{oliphant2006,
  title={A guide to NumPy},
  author={Oliphant, Travis E},
  volume={1},
  year={2006},
  publisher={Trelgol Publishing USA}
}

@Manual{r,
  title = {R: A Language and Environment for Statistical Computing},
  author = {{R Core Team}},
  organization = {R Foundation for Statistical Computing},
  address = {Vienna, Austria},
  year = {2018},
  url = {https://www.R-project.org/},
}

@article{bodas-salcedo2016,
  title={Large contribution of supercooled liquid clouds to the solar radiation budget of the Southern Ocean},
  author={Bodas-Salcedo, A and Hill, PG and Furtado, K and Williams, KD and Field, PR and Manners, JC and Hyder, P and Kato, S},
  journal={Journal of Climate},
  volume={29},
  number={11},
  pages={4213--4228},
  year={2016},
  doi={10.1175/jcli-d-15-0564.1}
}

@article{lang2018,
  title={Characteristics of the Marine Atmospheric Boundary Layer Over the Southern Ocean in Response to the Synoptic Forcing},
  author={Lang, F and Huang, Yi and Siems, ST and Manton, MJ},
  journal={Journal of Geophysical Research: Atmospheres},
  volume={123},
  number={15},
  pages={7799--7820},
  year={2018},
  publisher={Wiley Online Library},
  doi={10.1029/2018jd028700}
}

@article{loeb2018,
  title={Clouds and the earth’s radiant energy system (CERES) energy balanced and filled (EBAF) top-of-atmosphere (TOA) edition-4.0 data product},
  author={Loeb, Norman G and Doelling, David R and Wang, Hailan and Su, Wenying and Nguyen, Cathy and Corbett, Joseph G and Liang, Lusheng and Mitrescu, Cristian and Rose, Fred G and Kato, Seiji},
  journal={Journal of Climate},
  volume={31},
  number={2},
  pages={895--918},
  year={2018},
  doi={10.1175/JCLI-D-17-0208.1}
}

@article{roemmich2009b,
  title={Argo: the challenge of continuing 10 years of progress},
  author={Roemmich, Dean and Argo Steering Team},
  journal={Oceanography},
  volume={22},
  number={3},
  pages={46--55},
  year={2009},
  publisher={JSTOR},
  issn={10428275, 2377617X}
}

@article{sato2018,
  title={Improved Reanalysis and Prediction of Atmospheric Fields Over the Southern Ocean Using Campaign-Based Radiosonde Observations},
  author={Sato, Kazutoshi and Inoue, Jun and Alexander, Simon P and McFarquhar, Greg and Yamazaki, Akira},
  journal={Geophysical Research Letters},
  year={2018},
  publisher={Wiley Online Library},
  doi={10.1029/2018GL079037}
}

@article{chiriaco2018,
  title={ReOBS: a new approach to synthesize long-term multi-variable dataset and application to the SIRTA supersite},
  author={Chiriaco, Marjolaine and Dupont, Jean-Charles and Bastin, Sophie and Badosa, Jordi and Lopez, Julio and Haeffelin, Martial and Chepfer, Helene and Guzman, Rodrigo},
  journal={Earth System Science Data},
  volume={10},
  number={2},
  pages={919},
  year={2018},
  publisher={Copernicus GmbH},
  doi={10.5194/essd-10-919-2018}
}

@article{hyder2018,
  title={Critical Southern Ocean climate model biases traced to atmospheric model cloud errors},
  author={Hyder, Patrick and Edwards, John M and Allan, Richard P and Hewitt, Helene T and Bracegirdle, Thomas J and Gregory, Jonathan M and Wood, Richard A and Meijers, Andrew JS and Mulcahy, Jane and Field, Paul and others},
  journal={Nature communications},
  volume={9},
  year={2018},
  publisher={Nature Publishing Group},
  doi={10.1038/s41467-018-05634-2}
}

@article{protat2017,
  title={Shipborne observations of the radiative effect of Southern Ocean clouds},
  author={Protat, Alain and Schulz, Eric and Rikus, Lawrence and Sun, Zhian and Xiao, Yi and Keywood, Melita},
  journal={Journal of Geophysical Research: Atmospheres},
  volume={122},
  number={1},
  pages={318--328},
  year={2017},
  publisher={Wiley Online Library},
  doi={10.1002/2016jd026061}
}

@article{zhang2018,
  title={The ARM Cloud Radar Simulator for Global Climate Models: Bridging Field Data and Climate Models},
  author={Zhang, Yuying and Xie, Shaocheng and Klein, Stephen A and Marchand, Roger and Kollias, Pavlos and Clothiaux, Eugene E and Lin, Wuyin and Johnson, Karen and Swales, Dustin and Bodas-Salcedo, Alejandro and others},
  journal={Bulletin of the American Meteorological Society},
  volume={99},
  number={1},
  pages={21--26},
  year={2018},
  doi={10.1175/BAMS-D-16-0258.1}
}

@article{kay2012,
  title={Exposing global cloud biases in the Community Atmosphere Model (CAM) using satellite observations and their corresponding instrument simulators},
  author={Kay, JE and Hillman, BR and Klein, SA and Zhang, Y and Medeiros, Brian and Pincus, R and Gettelman, Andrew and Eaton, B and Boyle, J and Marchand, R and others},
  journal={Journal of Climate},
  volume={25},
  number={15},
  pages={5190--5207},
  year={2012},
  doi={10.1175/JCLI-D-11-00469.1}
}

@article{webb2017,
  title={The Cloud Feedback Model Intercomparison Project (CFMIP) contribution to CMIP6},
  author={Webb, Mark J and Andrews, Timothy and Bodas-Salcedo, Alejandro and Bony, Sandrine and Bretherton, Christopher S and Chadwick, Robin and Chepfer, H{\'e}l{\`e}ne and Douville, Herv{\'e} and Good, Peter and Kay, Jennifer E and others},
  journal={Geoscientific Model Development},
  volume={10},
  number={1},
  pages={359--384},
  year={2017},
  doi={10.5194/gmd-10-359-2017}
}

@article{franklin2013,
  title={Evaluation of clouds in ACCESS using the satellite simulator package COSP: Regime-sorted tropical cloud properties},
  author={Franklin, Charmaine N and Sun, Zhian and Bi, Daohua and Dix, Martin and Yan, Hailin and Bodas-Salcedo, Alejandro},
  journal={Journal of Geophysical Research: Atmospheres},
  volume={118},
  number={12},
  pages={6663--6679},
  year={2013},
  publisher={Wiley Online Library},
  doi={10.1002/jgrd.50496}
}

@article{schuddeboom2018,
  title={Regional Regime-Based Evaluation of Present-Day General Circulation Model Cloud Simulations Using Self-Organizing Maps},
  author={Schuddeboom, Alex and McDonald, Adrian J and Morgenstern, Olaf and Harvey, Mike and Parsons, Simon},
  journal={Journal of Geophysical Research: Atmospheres},
  volume={123},
  number={8},
  pages={4259--4272},
  year={2018},
  publisher={Wiley Online Library},
  doi={10.1002/2017JD028196}
}

@article{jin2017,
  title={Regime-based evaluation of cloudiness in CMIP5 models},
  author={Jin, Daeho and Oreopoulos, Lazaros and Lee, Dongmin},
  journal={Climate dynamics},
  volume={48},
  number={1-2},
  pages={89--112},
  year={2017},
  publisher={Springer},
  doi={10.1007/s00382-016-3064-0}
}

@article{marchand2008,
  title={Hydrometeor detection using CloudSat—An Earth-orbiting 94-GHz cloud radar},
  author={Marchand, Roger and Mace, Gerald G and Ackerman, Thomas and Stephens, Graeme},
  journal={Journal of Atmospheric and Oceanic Technology},
  volume={25},
  number={4},
  pages={519--533},
  year={2008},
  doi={10.1175/2007JTECHA1006.1}
}

@article{winker2010,
  title={The CALIPSO mission: A global 3D view of aerosols and clouds},
  author={Winker, DM and Pelon, Jacques and Coakley Jr, JA and Ackerman, SA and Charlson, RJ and Colarco, PR and Flamant, Pierre and Fu, Q and Hoff, RM and Kittaka, C and others},
  journal={Bulletin of the American Meteorological Society},
  volume={91},
  number={9},
  pages={1211--1230},
  year={2010},
  publisher={American Meteorological Society},
  doi={10.1175/2010BAMS3009.1}
}

@inproceedings{salomonson2002,
  title={An overview of the Earth Observing System MODIS instrument and associated data systems performance},
  author={Salomonson, Vincent V and Barnes, William and Xiong, Jack and Kempler, Steve and Masuoka, Ed},
  booktitle={Geoscience and Remote Sensing Symposium, 2002. IGARSS'02. 2002 IEEE International},
  volume={2},
  pages={1174--1176},
  year={2002},
  organization={IEEE},
  doi={10.1109/IGARSS.2002.1025812},
  isbn={0-7803-7536-X}
}

@article{rossow1999,
  title={Advances in understanding clouds from ISCCP},
  author={Rossow, William B and Schiffer, Robert A},
  journal={Bulletin of the American Meteorological Society},
  volume={80},
  number={11},
  pages={2261--2288},
  year={1999},
  publisher={American Meteorological Society},
  doi={10.1175/1520-0477(1999)080<2261:AIUCFI>2.0.CO;2}
}

@article{ludescher2018,
  author="Ludescher, Josef and Yuan, Naiming and Bunde, Armin",
  title="Detecting the statistical significance of the trends in the Antarctic sea ice extent: an indication for a turning point",
  journal="Climate Dynamics",
  year="2018",
  month="Dec",
  day="12",
  issn="1432-0894",
  doi="10.1007/s00382-018-4579-3"
}

@article{ceppi2012,
  title={Southern Hemisphere jet latitude biases in CMIP5 models linked to shortwave cloud forcing},
  author={Ceppi, Paulo and Hwang, Yen-Ting and Frierson, Dargan MW and Hartmann, Dennis L},
  journal={Geophysical Research Letters},
  volume={39},
  number={19},
  year={2012},
  publisher={Wiley Online Library},
  doi={10.1029/2012GL053115}
}

@manual{cosp,
  title={COSP user's manual: Version 1.3.1},
  author={Bodas-Salcedo, Alejandro},
  year={2010},
}

@article{taylor2015,
  title={Covariance between Arctic sea ice and clouds within atmospheric state regimes at the satellite footprint level},
  author={Taylor, Patrick C and Kato, Seiji and Xu, Kuan-Man and Cai, Ming},
  journal={Journal of Geophysical Research: Atmospheres},
  volume={120},
  number={24},
  pages={12656--12678},
  year={2015},
  publisher={Wiley Online Library},
  doi={10.1002/2015JD023520}
}

@article{chubb2013,
  title={In situ observations of supercooled liquid clouds over the Southern Ocean during the HIAPER Pole-to-Pole Observation campaigns},
  author={Chubb, Thomas H and Jensen, Jorgen B and Siems, Steven T and Manton, Michael J},
  journal={Geophysical Research Letters},
  volume={40},
  number={19},
  pages={5280--5285},
  year={2013},
  publisher={Wiley Online Library},
  doi={10.1002/grl.50986}
}

@article{huang2012,
  title={A study on the low-altitude clouds over the Southern Ocean using the DARDAR-MASK},
  author={Huang, Yi and Siems, Steven T and Manton, Michael J and Protat, Alain and Delano{\"e}, Julien},
  journal={Journal of Geophysical Research: Atmospheres},
  volume={117},
  number={D18},
  year={2012},
  publisher={Wiley Online Library},
  doi={10.1029/2012JD017800}
}

@article{huang2016,
  title={What is the role of sea surface temperature in modulating cloud and precipitation properties over the Southern Ocean?},
  author={Huang, Yi and Siems, Steven T and Manton, Michael J and Rosenfeld, Daniel and Marchand, Roger and McFarquhar, Greg M and Protat, Alain},
  journal={Journal of Climate},
  volume={29},
  number={20},
  pages={7453--7476},
  year={2016},
  doi={10.1175/JCLI-D-15-0768.1}
}

@article{loveridge2018,
  title={Cloud Heterogeneity in the Marine Midlatitudes: Dependence on Large-Scale Meteorology and Implications for General Circulation Models},
  author={Loveridge, Jesse and Davies, Roger},
  journal={Journal of Geophysical Research: Atmospheres},
  volume={124},
  number={6},
  pages={3448--3463},
  year={2019},
  publisher={Wiley Online Library},
  doi={10.1029/2018JD029826}
}

@article{jones1993,
  title={A climatology of Southern Hemisphere extratropical cyclones},
  author={Jones, David A and Simmonds, Ian},
  journal={Climate Dynamics},
  volume={9},
  number={3},
  pages={131--145},
  year={1993},
  publisher={Springer},
  doi={10.1007/BF00209750}
}

@article{williams2013,
  title={The Transpose-AMIP II experiment and its application to the understanding of Southern Ocean cloud biases in climate models},
  author={Williams, KD and Bodas-Salcedo, A and D{\'e}qu{\'e}, M and Fermepin, S and Medeiros, Brian and Watanabe, M and Jakob, C and Klein, SA and Senior, CA and Williamson, DL},
  journal={Journal of Climate},
  volume={26},
  number={10},
  pages={3258--3274},
  year={2013},
  doi={10.1175/JCLI-D-12-00429.1}
}

@incollection{boucher2013,
  title={Clouds and aerosols},
  author={Boucher, Olivier and Randall, David and Artaxo, Paulo and Bretherton, Christopher and Feingold, Gragam and Forster, Piers and Kerminen, V-M and Kondo, Yutaka and Liao, Hong and Lohmann, Ulrike and others},
  booktitle={Climate change 2013: the physical science basis. Contribution of Working Group I to the Fifth Assessment Report of the Intergovernmental Panel on Climate Change},
  pages={571--657},
  year={2013},
  publisher={Cambridge University Press},
  isbn={978-1-107-05799-9}
}

@article{mulmenstadt2018,
  author={M\"ulmenst\"adt, J. and Sourdeval, O. and Henderson, D. S. and L'Ecuyer, T. S. and Unglaub, C. and Jungandreas, L. and B\"ohm, C. and Russell, L. M. and Quaas, J.},
  title={Using CALIOP to estimate cloud-field base height and its uncertainty: the Cloud Base Altitude Spatial Extrapolator (CBASE) algorithm and dataset},
  journal={Earth System Science Data},
  volume={10},
  year={2018},
  number={4},
  pages={2279--2293},
  url={https://www.earth-syst-sci-data.net/10/2279/2018/},
  doi={10.5194/essd-10-2279-2018}
}

@article{mason2015,
  title={A hybrid cloud regime methodology used to evaluate Southern Ocean cloud and shortwave radiation errors in ACCESS},
  author={Mason, Shannon and Fletcher, Jennifer K and Haynes, John M and Franklin, Charmaine and Protat, Alain and Jakob, Christian},
  journal={Journal of Climate},
  volume={28},
  number={15},
  pages={6001--6018},
  year={2015},
  doi={10.1175/jcli-d-14-00846.1}
}

@article{williams2009a,
  title={A quantitative performance assessment of cloud regimes in climate models},
  author={Williams, KD and Webb, MJ},
  journal={Climate dynamics},
  volume={33},
  number={1},
  pages={141--157},
  year={2009},
  publisher={Springer},
  doi={10.1007/s00382-008-0443-1}
}

@article{mcdonald2018,
  title={A Comparison of Cloud Classification Methodologies: Differences Between Cloud and Dynamical Regimes},
  author={McDonald, AJ and Parsons, Simon},
  journal={Journal of Geophysical Research: Atmospheres},
  volume={123},
  number={19},
  pages={11--173},
  year={2018},
  publisher={Wiley Online Library},
  doi={10.1029/2018jd028595}
}

@article{coggins2014,
  title={Synoptic climatology of the Ross Ice Shelf and Ross Sea region of Antarctica: k-means clustering and validation},
  author={Coggins, Jack HJ and McDonald, Adrian J and Jolly, Ben},
  journal={International journal of climatology},
  volume={34},
  number={7},
  pages={2330--2348},
  year={2014},
  publisher={Wiley Online Library},
  doi={10.1002/joc.3842}
}

@article{mcdonald2016,
  title={An automated satellite cloud classification scheme using self-organizing maps: Alternative ISCCP weather states},
  author={McDonald, Adrian J and Cassano, John J and Jolly, Ben and Parsons, Simon and Schuddeboom, Alex},
  journal={Journal of Geophysical Research: Atmospheres},
  volume={121},
  number={21},
  year={2016},
  publisher={Wiley Online Library},
  doi={10.1002/2016jd025199}
}

@article{sinclair1995,
  title={A climatology of cyclogenesis for the Southern Hemisphere},
  author={Sinclair, Mark R},
  journal={Monthly Weather Review},
  volume={123},
  number={6},
  pages={1601--1619},
  year={1995},
  doi={10.1175/1520-0493(1995)123<1601:acocft>2.0.co;2}
}

@article{simmonds2003,
  title={Synoptic activity in the seas around Antarctica},
  author={Simmonds, Ian and Keay, Kevin and Lim, Eun-Pa},
  journal={Monthly Weather Review},
  volume={131},
  number={2},
  pages={272--288},
  year={2003},
  doi={10.1175/1520-0493(2003)131<0272:saitsa>2.0.co;2}
}

@article{simmonds2003a,
  title={Modes of atmospheric variability over the Southern Ocean},
  author={Simmonds, Ian},
  journal={Journal of Geophysical Research: Oceans},
  volume={108},
  number={C4},
  year={2003},
  publisher={Wiley Online Library},
  doi={10.1029/2000jc000542}
}

@article{sinclair1994,
  title={An objective cyclone climatology for the Southern Hemisphere},
  author={Sinclair, Mark R},
  journal={Monthly Weather Review},
  volume={122},
  number={10},
  pages={2239--2256},
  year={1994},
  doi={10.1175/1520-0493(1994)122<2239:aoccft>2.0.co;2}
}

@article{simmonds2000,
  title={Mean Southern Hemisphere extratropical cyclone behavior in the 40-year NCEP--NCAR reanalysis},
  author={Simmonds, Ian and Keay, Kevin},
  journal={Journal of Climate},
  volume={13},
  number={5},
  pages={873--885},
  year={2000},
  doi={10.1175/1520-0442(2000)013<0873:mshecb>2.0.co;2}
}

@article{hoskins2005,
  title={A new perspective on Southern Hemisphere storm tracks},
  author={Hoskins, Brian John and Hodges, Kevin Ivan},
  journal={Journal of Climate},
  volume={18},
  number={20},
  pages={4108--4129},
  year={2005},
  doi={10.1175/jcli3570.1}
}

@article{hodges2011,
  title={A comparison of extratropical cyclones in recent reanalyses ERA-Interim, NASA MERRA, NCEP CFSR, and JRA-25},
  author={Hodges, Kevin I and Lee, Robert W and Bengtsson, Lennart},
  journal={Journal of Climate},
  volume={24},
  number={18},
  pages={4888--4906},
  year={2011},
  doi={10.1175/2011jcli4097.1}
}

@article{goldberg2013,
  title={Joint Polar Satellite System: The United States next generation civilian polar-orbiting environmental satellite system},
  author={Goldberg, Mitchell D and Kilcoyne, Heather and Cikanek, Harry and Mehta, Ajay},
  journal={Journal of Geophysical Research: Atmospheres},
  volume={118},
  number={24},
  pages={13--463},
  year={2013},
  publisher={Wiley Online Library},
  doi={10.1002/2013jd020389}
}

@article{parkinson2003,
  title={Aqua: An Earth-observing satellite mission to examine water and other climate variables},
  author={Parkinson, Claire L},
  journal={IEEE Transactions on Geoscience and Remote Sensing},
  volume={41},
  number={2},
  pages={173--183},
  year={2003},
  publisher={IEEE},
  doi={10.1109/tgrs.2002.808319}
}

@article{simpson1996,
  title={On the tropical rainfall measuring mission (TRMM)},
  author={Simpson, Joanne and Kummerow, C and Tao, W-K and Adler, Robert F},
  journal={Meteorology and Atmospheric Physics},
  volume={60},
  number={1-3},
  pages={19--36},
  year={1996},
  publisher={Springer},
  doi={10.1007/BF01029783}
}

@article{comiso2008,
  title={Trends in the sea ice cover using enhanced and compatible AMSR-E, SSM/I, and SMMR data},
  author={Comiso, Josefino C and Nishio, Fumihiko},
  journal={Journal of Geophysical Research: Oceans},
  volume={113},
  number={C2},
  year={2008},
  publisher={Wiley Online Library},
  doi={10.1029/2007JC004257}
}

@manual{schulzweida2018,
  title={CDO User Guide Version 1.9.5},
  author={Schulzweida, Uwe},
  year={2018}
}

@article{klein1993,
  title={The seasonal cycle of low stratiform clouds},
  author={Klein, Stephen A and Hartmann, Dennis L},
  journal={Journal of Climate},
  volume={6},
  number={8},
  pages={1587--1606},
  year={1993},
  doi={10.1175/1520-0442(1993)006<1587:TSCOLS>2.0.CO;2}
}

@article{williams2006,
  title={Evaluation of a component of the cloud response to climate change in an intercomparison of climate models},
  author={Williams, KD and Ringer, MA and Senior, CA and Webb, MJ and McAvaney, BJ and Andronova, N and Bony, S and Dufresne, J-L and Emori, S and Gudgel, R and others},
  journal={Climate Dynamics},
  volume={26},
  number={2-3},
  pages={145--165},
  year={2006},
  publisher={Springer},
  doi={10.1007/s00382-005-0067-7}
}

@article{naud2014,
  title={Evaluation of ERA-Interim and MERRA cloudiness in the Southern Ocean},
  author={Naud, Catherine M and Booth, James F and Del Genio, Anthony D},
  journal={Journal of Climate},
  volume={27},
  number={5},
  pages={2109--2124},
  year={2014},
  doi={10.1175/JCLI-D-13-00432.1}
}

@book{bohren2008,
  title={Absorption and scattering of light by small particles},
  author={Bohren, Craig F and Huffman, Donald R},
  year={1998},
  publisher={John Wiley \& Sons},
  isbn={978-0-471-29340-8}
}

@article{hartery2019,
  title={Atmospheric Measurements During the Antarctic and Southern Ocean Marine Environment and Ecosystem Study (ASOMEES)},
  author={Hartery, S and Kuma, P and McGregor, J and Marriner, A and Sellegri, K and Saint-Macary, A and Law, C and von Hobem, M and Kremser, S and Lennartz, S and Archer, S and DeMott, P and Hill, T and Querel, R and Brailsford, G and Geddes, A and Parsons, S and McDonald, A and Harvey, M},
  year={2019},
  note={manuscript in preparation}
}

@book{emeis2010,
  title={Surface-based remote sensing of the atmospheric boundary layer},
  author={Emeis, Stefan},
  volume={40},
  year={2010},
  publisher={Springer Science \& Business Media},
  issn={1383-8601},
  isbn={978-90-481-9340-0},
  doi={10.1007/978-90-481-9340-0}
}

@article{alexander2018,
  title={Cloud properties observed from the surface and by satellite at the northern edge of the Southern Ocean},
  author={Alexander, SP and Protat, A},
  journal={Journal of Geophysical Research: Atmospheres},
  volume={123},
  number={1},
  pages={443--456},
  year={2018},
  publisher={Wiley Online Library},
  doi={10.1002/2017jd026552}
}

@article{dee2011,
  title={The ERA-Interim reanalysis: Configuration and performance of the data assimilation system},
  author={Dee, Dick P and Uppala, S Mꎬ and Simmons, AJ and Berrisford, Paul and Poli, P and Kobayashi, S and Andrae, U and Balmaseda, MA and Balsamo, G and Bauer, d P and others},
  journal={Quarterly Journal of the royal meteorological society},
  volume={137},
  number={656},
  pages={553--597},
  year={2011},
  publisher={Wiley Online Library},
  doi={10.1002/qj.828}
}

@article{bony2015,
  title={Clouds, circulation and climate sensitivity},
  author={Bony, Sandrine and Stevens, Bjorn and Frierson, Dargan MW and Jakob, Christian and Kageyama, Masa and Pincus, Robert and Shepherd, Theodore G and Sherwood, Steven C and Siebesma, A Pier and Sobel, Adam H and others},
  journal={Nature Geoscience},
  volume={8},
  number={4},
  pages={261},
  year={2015},
  publisher={Nature Publishing Group},
  doi={10.1038/ngeo2398}
}

@incollection{flato2013,
  title={Evaluation of climate models},
  author={Flato, Gregory and Marotzke, Jochem and Abiodun, Babatunde and Braconnot, Pascale and Chou, S Chan and Collins, William and Cox, Peter and Driouech, Fatima and Emori, Seita and Eyring, Veronika and others},
  booktitle={Climate change 2013: the physical science basis. Contribution of Working Group I to the Fifth Assessment Report of the Intergovernmental Panel on Climate Change},
  pages={741--866},
  year={2014},
  publisher={Cambridge University Press},
  doi={10.1017/CBO9781107415324.020}
}

@article{vergara-temprado2018,
  title={Strong control of Southern Ocean cloud reflectivity by ice-nucleating particles},
  author={Vergara-Temprado, Jes{\'u}s and Miltenberger, Annette K and Furtado, Kalli and Grosvenor, Daniel P and Shipway, Ben J and Hill, Adrian A and Wilkinson, Jonathan M and Field, Paul R and Murray, Benjamin J and Carslaw, Ken S},
  journal={Proceedings of the National Academy of Sciences},
  volume={115},
  number={11},
  pages={2687--2692},
  year={2018},
  publisher={National Acad Sciences},
  doi={10.1073/pnas.1721627115}
}

@article{wilson2008a,
  title={PC2: A prognostic cloud fraction and condensation scheme. I: Scheme description},
  author={Wilson, Damian R and Bushell, Andrew C and Kerr-Munslow, Amanda M and Price, Jeremy D and Morcrette, Cyril J},
  journal={Quarterly Journal of the Royal Meteorological Society: A journal of the atmospheric sciences, applied meteorology and physical oceanography},
  volume={134},
  number={637},
  pages={2093--2107},
  year={2008},
  publisher={Wiley Online Library},
  doi={10.1002/qj.333}
}

@article{wilson2008b,
  title={PC2: A prognostic cloud fraction and condensation scheme. II: Climate model simulations},
  author={Wilson, Damian R and Bushell, Andrew C and Kerr-Munslow, Amanda M and Price, Jeremy D and Morcrette, Cyril J and Bodas-Salcedo, Alejandro},
  journal={Quarterly Journal of the Royal Meteorological Society: A journal of the atmospheric sciences, applied meteorology and physical oceanography},
  volume={134},
  number={637},
  pages={2109--2125},
  year={2008},
  publisher={Wiley Online Library},
  doi={10.1002/qj.332}
}

@article{powers2012,
  title={A decade of Antarctic science support through AMPS},
  author={Powers, Jordan G and Manning, Kevin W and Bromwich, David H and Cassano, John J and Cayette, Arthur M},
  journal={Bulletin of the American Meteorological Society},
  volume={93},
  number={11},
  pages={1699--1712},
  year={2012},
  publisher={American Meteorological Society},
  doi={10.1175/bams-d-11-00186.1}
}

@article{listowski2019,
  title={Antarctic clouds, supercooled liquid water and mixed-phase investigated with DARDAR: geographical and seasonal variations},
  author={Listowski, Constantino and Delano{\"e}, Julien and Kirchgaessner, Am{\'e}lie and Lachlan-Cope, Tom and King, John},
  journal={Atmospheric Chemistry and Physics},
  volume={19},
  number={10},
  pages={6771--6808},
  year={2019},
  publisher={European Geosciences Union},
  doi={10.5194/acp-19-6771-2019}
}
@misc{G-SDSU,
  title={{G-SDSU}},
  url={https://cloud.gsfc.nasa.gov/index.php?section=14},
  year={2019}
}

@article{masunaga2010,
  title={Satellite data simulator unit: A multisensor, multispectral satellite simulator package},
  author={Masunaga, Hirohiko and Matsui, Toshihisa and Tao, Wei-kuo and Hou, Arthur Y and Kummerow, Christian D and Nakajima, Teruyuki and Bauer, Peter and Olson, William S and Sekiguchi, Miho and Nakajima, Takashi Y},
  journal={Bulletin of the American Meteorological Society},
  volume={91},
  number={12},
  pages={1625--1632},
  year={2010},
  publisher={American Meteorological Society},
  doi={10.1175/2010BAMS2809.1}
}

@article{eyring2019,
  title={Taking climate model evaluation to the next level},
  author={Eyring, Veronika and Cox, Peter M and Flato, Gregory M and Gleckler, Peter J and Abramowitz, Gab and Caldwell, Peter and Collins, William D and Gier, Bettina K and Hall, Alex D and Hoffman, Forrest M and others},
  journal={Nature Climate Change},
  pages={1},
  year={2019},
  publisher={Nature Publishing Group},
  doi={10.1038/s41558-018-0355-y}
}

@article{walters2017,
  title={{The Met Office unified model global atmosphere 6.0/6.1 and JULES global land 6.0/6.1 configurations}},
  author={Walters, David and Brooks, Malcolm and Boutle, Ian and Melvin, Thomas and Stratton, Rachel and Vosper, Simon and Wells, Helen and Williams, Keith and Wood, Nigel and Allen, Thomas and others},
  journal={Geoscientific Model Development},
  volume={10},
  number={4},
  pages={1487--1520},
  year={2017},
  publisher={European Geosciences Union},
  doi={10.5194/gmd-12-1909-2019}
}

@article{zadra2018,
  title={Systematic Errors in Weather and Climate Models: Nature, Origins, and Ways Forward},
  author={Zadra, Ayrton and Williams, Keith and Frassoni, Ariane and Rixen, Michel and Adames, {\'A}ngel F and Berner, Judith and Bouyssel, Fran{\c{c}}ois and Casati, Barbara and Christensen, Hannah and Ek, Michael B and others},
  journal={Bulletin of the American Meteorological Society},
  volume={99},
  number={4},
  pages={ES67--ES70},
  year={2018},
  doi={10.1175/BAMS-D-17-0287.1}
}

@article{spinhirne1995,
  title={Compact eye safe lidar systems},
  author={Spinhirne, James D and RALL, Jonathan AR and SCOTT, V Stanley},
  journal={The Review of Laser Engineering},
  volume={23},
  number={2},
  pages={112--118},
  year={1995},
  publisher={The Laser Society of Japan}
}

@inproceedings{cromwell2019,
  title={Lidar cloud detection with fully convolutional networks},
  author={Cromwell, Erol and Flynn, Donna},
  booktitle={2019 IEEE Winter Conference on Applications of Computer Vision (WACV)},
  pages={619--627},
  year={2019},
  organization={IEEE}
}

@article{tricht2014,
  title={An improved algorithm for polar cloud-base detection by ceilometer over the ice sheets},
  author={Van Tricht, Kristof and Gorodetskaya, IV and Lhermitte, Stef and Turner, DD and Schween, JH and Van Lipzig, NPM},
  journal={Atmospheric Measurement Techniques},
  volume={7},
  number={5},
  pages={1153--1167},
  year={2014},
  publisher={Copernicus GmbH},
  doi={10.5194/amt-7-1153-2014}
}

@article{buhl2016,
  title={{Measuring ice-and liquid-water properties in mixed-phase cloud layers at the Leipzig Cloudnet station}},
  author={B{\"u}hl, Johannes and Seifert, Patric and Myagkov, Alexander and Ansmann, Albert},
  journal={Atmospheric Chemistry and Physics},
  volume={16},
  number={16},
  pages={10609--10620},
  year={2016},
  publisher={Copernicus GmbH},
  doi={10.5194/acp-16-10609-2016}
}

@article{bastin2018,
  title={{Control of radiation and evaporation on temperature variability in a WRF regional climate simulation: comparison with colocated long term ground based observations near Paris}},
  author={Bastin, Sophie and Chiriaco, Marjolaine and Drobinski, Philippe},
  journal={Climate dynamics},
  volume={51},
  number={3},
  pages={985--1003},
  year={2018},
  publisher={Springer},
  doi={10.1007/s00382-016-2974-1}
}

@article{grabowski2018,
  title={Modeling of cloud microphysics: Can we do better?},
  author={Grabowski, Wojciech W and Morrison, Hugh and Shima, Shin-ichiro and Abade, Gustavo C and Dziekan, Piotr and Pawlowska, Hanna},
  journal={Bulletin of the American Meteorological Society},
  number={2018},
  year={2018},
  doi={10.1175/BAMS-D-18-0005.1}
}

@article{khouider2018,
  title={A new stochastic model for the boundary layer clouds and stratocumulus phase transition regimes: open cells, closed cells, and convective rolls},
  author={Khouider, Boualem and Bihlo, Alexander},
  journal={Journal of Geophysical Research: Atmospheres},
  year={2018},
  publisher={Wiley Online Library}
}

@article{kotthaus2016,
  title={{Recommendations for processing atmospheric attenuated backscatter profiles from Vaisala CL31 ceilometers}},
  author={Kotthaus, Simone and O'Connor, Ewan and M{\"u}nkel, Christoph and Charlton-Perez, Cristina and Haeffelin, Martial and Gabey, Andrew M and Grimmond, C Sue B},
  journal={Atmospheric Measurement Techniques},
  volume={9},
  number={8},
  pages={3769--3791},
  year={2016},
  publisher={Copernicus GmbH},
  doi={10.5194/amt-9-3769-2016}
}

@article{hopkin2019,
  author={Hopkin, E. and Illingworth, A. J. and Charlton-Perez, C. and Westbrook, C. D. and Ballard, S.},
  title={A robust automated technique for operational calibration of ceilometers using the integrated backscatter from totally attenuating liquid clouds},
  journal={Atmospheric Measurement Techniques Discussions},
  volume={2019},
  year={2019},
  pages={1--28},
  doi={10.5194/amt-2018-427}
}

@article{petty2011,
  title={The modified gamma size distribution applied to inhomogeneous and nonspherical particles: Key relationships and conversions},
  author={Petty, Grant W and Huang, Wei},
  journal={Journal of the Atmospheric Sciences},
  volume={68},
  number={7},
  pages={1460--1473},
  year={2011},
  doi={10.1175/2011JAS3645.1}
}

@inproceedings{chang2001,
  title={The effect of droplet size distribution on the determination of cloud droplet effective radius},
  author={Chang, FL and Li, Z},
  booktitle={11th ARM Science Team Meeting, Atlanta, Ga},
  pages={19--23},
  year={2001}
}

@article{oconnor2004,
  title={A technique for autocalibration of cloud lidar},
  author={O'Connor, Ewan J and Illingworth, Anthony J and Hogan, Robin J},
  journal={Journal of Atmospheric and Oceanic Technology},
  volume={21},
  number={5},
  pages={777--786},
  year={2004},
  doi={10.1175/1520-0426(2004)021<0777:ATFAOC>2.0.CO;2}
}

@article{cazorla2017,
  author={Cazorla, A. and Casquero-Vera, J. A. and Rom\'an, R. and Guerrero-Rascado, J. L. and Toledano, C. and Cachorro, V. E. and Orza, J. A. G. and Cancillo, M. L. and Serrano, A. and Titos, G. and Pandolfi, M. and Alastuey, A. and Hanrieder, N. and Alados-Arboledas, L.},
  title={Near-real-time processing of a ceilometer network assisted with sun-photometer data: monitoring a dust outbreak over the Iberian Peninsula},
  journal={Atmospheric Chemistry and Physics},
  volume={17},
  year={2017},
  number={19},
  pages={11861--11876},
  doi={10.5194/acp-17-11861-2017}
}

@article{illingworth2007,
  title={Cloudnet: Continuous evaluation of cloud profiles in seven operational models using ground-based observations},
  author={Illingworth, AJ and Hogan, RJ and O'connor, EJ and Bouniol, Dominique and Brooks, ME and Delano{\"e}, Julien and Donovan, DP and Eastment, JD and Gaussiat, N and Goddard, JWF and others},
  journal={Bulletin of the American Meteorological Society},
  volume={88},
  number={6},
  pages={883--898},
  year={2007},
  publisher={American Meteorological Society},
  doi={10.1175/BAMS-88-6-883}
}

@article{pappalardo2014,
  author={Pappalardo, G. and Amodeo, A. and Apituley, A. and Comeron, A. and Freudenthaler, V. and Linn\'e, H. and Ansmann, A. and B\"osenberg, J. and D'Amico, G. and Mattis, I. and Mona, L. and Wandinger, U. and Amiridis, V. and Alados-Arboledas, L. and Nicolae, D. and Wiegner, M.},
  title={EARLINET: towards an advanced sustainable European aerosol lidar network},
  journal={Atmospheric Measurement Techniques},
  volume={7},
  year={2014},
  number={8},
  pages={2389--2409},
  doi={10.5194/amt-7-2389-2014}
}

@article{illingworth2018,
  title={How can Existing Ground-Based Profiling Instruments Improve European Weather Forecasts?},
  author={Illingworth, AJ and Cimini, D and Haefele, A and Haeffelin, M and Hervo, M and Kotthaus, S and L{\"o}hnert, U and Martinet, P and Mattis, I and O’Connor, EJ and others},
  journal={Bulletin of the American Meteorological Society},
  number={2018},
  year={2018},
  doi={10.1175/BAMS-D-17-0231.1}
}

@article{welton2006,
  title={The NASA Micro-Pulse Lidar Network (MPLNET): an overview and recent results},
  author={Welton, Ellsworth J and Campbell, James R and Berkoff, Timothy A and Valencia, Sandra and Spinhirne, James D and Holben, Brent and Tsay, Si-Chee and Schmid, Beat},
  journal={Opt. Pur. Apl},
  volume={39},
  pages={67--74},
  year={2006}
}

@article{illingworth2015a,
  title={Exploiting existing ground-based remote sensing networks to improve high-resolution weather forecasts},
  author={Illingworth, Anthony J and Cimini, D and Gaffard, C and Haeffelin, M and Lehmann, V and L{\"o}hnert, U and O’Connor, Ewan J and Ruffieux, D},
  journal={Bulletin of the American Meteorological Society},
  volume={96},
  number={12},
  pages={2107--2125},
  year={2015},
  doi={10.1175/BAMS-D-13-00283.1}
}

@inproceedings{mattis2016,
  author = {{Mattis}, Ina and {Begbie}, Robert and {Boyouk}, Neda and {Bravo-Aranda}, Juan Antonio and {Brettle}, Mike and {Cermak}, Jan and {Drouin}, Marc-Antoine and {Gei{\ss}}, Alexander and {G{\"o}rsdorf}, Ulrich and {Haefele}, Alexander and {Haeffelin}, Martial and {Hervo}, Maxime and {Kom{\'\i}nkov{\'a}}, Kate{\v{r}}ina and {Leinweber}, Ronny and {M{\"u}ller}, Gerhard and {M{\"u}nkel}, Christoph and {Pattanty{\'u}s-{\'A}brah{\'a}m}, Margit and {P{\"o}nitz}, Kornelia and {Wagner}, Frank and {Wiegner}, Matthias},
  title={The ceilometer inter-comparison campaign CeiLinEx2015},
  booktitle={EGU General Assembly Conference Abstracts},
  year={2016},
  month={Apr},
  eid={EPSC2016-9687},
  pages={EPSC2016-9687}
}

@inproceedings{rosoldi2018,
  title={The lesson learnt during interact-I and INTERACT-II actris measurement campaigns},
  author={Rosoldi, Marco and Madonna, Fabio and Pappalardo, Gelsomina and Hey, Joshua Vande and Zheng, Yunhui},
  booktitle={EPJ Web of Conferences},
  volume={176},
  pages={11002},
  year={2018},
  organization={EDP Sciences}
}

@article{madonna2018,
  title={Intercomparison of aerosol measurements performed with multi-wavelength Raman lidars, automatic lidars and ceilometers in the framework of INTERACT-II campaign},
  author={Madonna, Fabio and Rosoldi, Marco and Lolli, Simone and Amato, Francesco and Vande Hey, Joshua and Dhillon, Ranvir and Zheng, Yunhui and Brettle, Mike and Pappalardo, Gelsomina},
  journal={Atmospheric Measurement Techniques},
  volume={11},
  number={4},
  pages={2459--2475},
  year={2018},
  publisher={Copernicus GmbH},
  doi={10.5194/amt-11-2459-2018}
}

@inproceedings{mcgill2015,
  title={{The Cloud-Aerosol Transport System (CATS): A technology demonstration on the International Space Station}},
  author={McGill, Matthew J and Yorks, John E and Scott, V Stanley and Kupchock, Andrew W and Selmer, Patrick A},
  booktitle={Lidar Remote Sensing for Environmental Monitoring XV},
  volume={9612},
  pages={96120A},
  year={2015},
  organization={International Society for Optics and Photonics},
}

@article{markus2017,
  title={{The Ice, Cloud, and land Elevation Satellite-2 (ICESat-2): science requirements, concept, and implementation}},
  author={Markus, Thorsten and Neumann, Tom and Martino, Anthony and Abdalati, Waleed and Brunt, Kelly and Csatho, Beata and Farrell, Sinead and Fricker, Helen and Gardner, Alex and Harding, David and others},
  journal={Remote sensing of environment},
  volume={190},
  pages={260--273},
  year={2017},
  publisher={Elsevier},
  doi={10.1016/j.rse.2016.12.029}
}

@inproceedings{straume2018,
  title={ESA’s spaceborne lidar mission ADM-Aeolus; project status and preparations for launch},
  author={Straume, Anne Grete and Elfving, Anders and Wernham, Denny and de Bruin, Frank and Kanitz, Thomas and Schuettemeyer, Dirk and von Bismarck, Jonas and Buscaglione, Fabio and Lecrenier, O and McGoldrick, Phil},
  booktitle={EPJ Web of Conferences},
  volume={176},
  pages={04007},
  year={2018},
  organization={EDP Sciences}
}

@article{winker1996,
  title={An overview of LITE: NASA's lidar in-space technology experiment},
  author={Winker, David M and Couch, Richard H and McCormick, MPatrick},
  journal={Proceedings of the IEEE},
  volume={84},
  number={2},
  pages={164--180},
  year={1996},
  publisher={IEEE}
}

@article{abshire2005,
  title={{Geoscience Laser Altimeter System (GLAS) on the ICESat mission: on-orbit measurement performance}},
  author={Abshire, James B and Sun, Xiaoli and Riris, Haris and Sirota, J Marcos and McGarry, Jan F and Palm, Steve and Yi, Donghui and Liiva, Peter},
  journal={Geophysical Research Letters},
  volume={32},
  number={21},
  year={2005},
  publisher={Wiley Online Library},
  doi={10.1029/2005GL024028}
}

@article{morille2007,
  title={{STRAT: An automated algorithm to retrieve the vertical structure of the atmosphere from single-channel lidar data}},
  author={Morille, Yohann and Haeffelin, Martial and Drobinski, Philippe and Pelon, Jacques},
  journal={Journal of Atmospheric and Oceanic Technology},
  volume={24},
  number={5},
  pages={761--775},
  year={2007},
  doi={10.1175/JTECH2008.1}
}

@article{watson2016,
  title={Community Intercomparison Suite (CIS) v1. 4.0: a tool for intercomparing models and observations},
  author={Watson-Parris, Duncan and Schutgens, Nick and Cook, Nicholas and Kipling, Zak and Kershaw, Philip and Gryspeerdt, Edward and Lawrence, Bryan and Stier, Philip},
  journal={Geoscientific Model Development},
  volume={9},
  number={9},
  pages={3093--3110},
  year={2016},
  publisher={European Geosciences Union},
  doi={10.5194/gmd-9-3093-2016}
}

@article{wiscombe1980,
  title={Improved Mie scattering algorithms},
  author={Wiscombe, Warren J},
  journal={Applied optics},
  volume={19},
  number={9},
  pages={1505--1509},
  year={1980},
  publisher={Optical Society of America},
  doi={10.1364/AO.19.001505}
}

@techreport{wiscombe1979,
  title={Mie scattering calculations: Advances in technique and fast, vector-speed computer codes},
  author={Wiscombe, Warren J},
  year={1979},
  institution={National Center for Atmospheric Research Boulder, Colorado}
}

@article{breon2005,
  title={A comparison of cloud droplet radii measured from space},
  author={Br{\'e}on, F-M and Doutriaux-Boucher, Marie},
  journal={IEEE Transactions on Geoscience and Remote Sensing},
  volume={43},
  number={8},
  pages={1796--1805},
  year={2005},
  publisher={IEEE},
  doi={10.1109/TGRS.2005.852838}
}

@article{wiegner2012,
  title={Aerosol profiling with the Jenoptik ceilometer CHM15kx},
  author={Wiegner, M and Gei{\ss}, A},
  journal={Atmos. Meas. Tech},
  volume={5},
  number={8},
  pages={1953--1964},
  year={2012},
  doi={10.5194/amt-5-1953-2012}
}

@article{wiegner2014,
  title={What is the benefit of ceilometers for aerosol remote sensing? An answer from EARLINET},
  author={Wiegner, M and Madonna, F and Binietoglou, I and Forkel, R and Gasteiger, J and Gei{\ss}, A and Pappalardo, G and Sch{\"a}fer, K and Thomas, W},
  journal={Atmospheric Measurement Techniques},
  volume={7},
  number={7},
  pages={1979--1997},
  year={2014},
  publisher={Copernicus GmbH},
  doi={10.5194/amt-7-1979-2014}
}

@article{wiegner2015,
  title={Correction of water vapor absorption for aerosol remote sensing with ceilometers},
  author={Wiegner, M and Gasteiger, J},
  journal={Atmospheric Measurement Techniques},
  number={9},
  pages={3971--3984},
  year={2015},
  publisher={International Society for Photogrammetry and Remote Sensing},
  doi={10.5194/amt-8-3971-2015}
}

@article{wiegner2019,
  author={Wiegner, M. and Mattis, I. and Pattanty\'us-\'Abrah\'am, M. and Bravo-Aranda, J. A. and Poltera, Y. and Haefele, A. and Hervo, M. and G\"orsdorf, U. and Leinweber, R. and Gasteiger, J. and Haeffelin, M. and Wagner, F. and Cermak, J. and Kom\'{\i}nkov\'a, K. and Brettle, M. and M\"unkel, C. and P\"onitz, K.},
  title={Aerosol backscatter profiles from ceilometers: validation of water vapor correction in the framework of CeiLinEx2015},
  journal={Atmospheric Measurement Techniques},
  volume={12},
  year={2019},
  number={1},
  pages={471--490},
  doi={10.5194/amt-12-471-2019}
}

@article{spinhirne1993,
  title={Micro pulse lidar},
  author={Spinhirne, James D},
  journal={IEEE Transactions on Geoscience and Remote Sensing},
  volume={31},
  number={1},
  pages={48--55},
  year={1993},
  publisher={IEEE},
  doi={10.1109/36.210443}
}

@article{powers2003,
  title={Real-Time Mesoscale Modeling Over Antarctica: The Antarctic Mesoscale Prediction System},
  author={Powers, Jordan G and Monaghan, Andrew J and Cayette, Arthur M and Bromwich, David H and Kuo, Ying-Hwa and Manning, Kevin W},
  journal={Bulletin of the American Meteorological Society},
  volume={84},
  number={11},
  pages={1533--1546},
  year={2003},
  publisher={American Meteorological Society},
  doi={10.1175/BAMS-84-11-1533}
}

@article{gelaro2017,
  title={The modern-era retrospective analysis for research and applications, version 2 (MERRA-2)},
  author={Gelaro, Ronald and McCarty, Will and Su{\'a}rez, Max J and Todling, Ricardo and Molod, Andrea and Takacs, Lawrence and Randles, Cynthia A and Darmenov, Anton and Bosilovich, Michael G and Reichle, Rolf and others},
  journal={Journal of Climate},
  volume={30},
  number={14},
  pages={5419--5454},
  year={2017},
  doi={10.1175/JCLI-D-16-0758.1}
}

@article{kobayashi2015,
  title={The JRA-55 reanalysis: General specifications and basic characteristics},
  author={Kobayashi, Shinya and Ota, Yukinari and Harada, Yayoi and Ebita, Ayataka and Moriya, Masami and Onoda, Hirokatsu and Onogi, Kazutoshi and Kamahori, Hirotaka and Kobayashi, Chiaki and Endo, Hirokazu and others},
  journal={Journal of the Meteorological Society of Japan. Ser. II},
  volume={93},
  number={1},
  pages={5--48},
  year={2015},
  publisher={Meteorological Society of Japan},
  doi={10.2151/jmsj.2015-001}
}

@article{harada2016,
  title={The JRA-55 Reanalysis: Representation of atmospheric circulation and climate variability},
  author={Harada, Yayoi and Kamahori, Hirotaka and Kobayashi, Chiaki and Endo, Hirokazu and Kobayashi, Shinya and Ota, Yukinari and Onoda, Hirokatsu and Onogi, Kazutoshi and Miyaoka, Kengo and Takahashi, Kiyotoshi},
  journal={Journal of the Meteorological Society of Japan. Ser. II},
  volume={94},
  number={3},
  pages={269--302},
  year={2016},
  publisher={Meteorological Society of Japan},
  doi={10.2151/jmsj.2016-015}
}

@misc{ERA5,
  author={{ECMWF}},
  title={Copernicus Climate Change Service (C3S) (2017): ERA5: Fifth generation of ECMWF atmospheric reanalyses of the global climate},
  howpublished={Copernicus Climate Change Service Climate Data Store (CDS)},
  url={https://cds.climate.copernicus.eu/cdsapp#!/home},
  year={2019},
  month={11},
  doi={10.24381/cds.bd0915c6}
}

@article{williams2009b,
  title={The Earth System Grid: Enabling access to multimodel climate simulation data},
  author={Williams, Dean N and Ananthakrishnan, R and Bernholdt, DE and Bharathi, S and Brown, D and Chen, M and Chervenak, AL and Cinquini, Luca and Drach, R and Foster, IT and others},
  journal={Bulletin of the American Meteorological Society},
  volume={90},
  number={2},
  pages={195--206},
  year={2009},
  publisher={American Meteorological Society},
  doi={10.1175/2008BAMS2459.1}
}

@article{rayner2003,
  author={Rayner, N. A. and Parker, D. E. and Horton, E. B. and Folland, C. K. and Alexander, L. V. and Rowell, D. P. and Kent, E. C. and Kaplan, A.},
  title={Global analyses of sea surface temperature, sea ice, and night marine air temperature since the late nineteenth century},
  journal={Journal of Geophysical Research: Atmospheres},
  volume={108},
  number={D14},
  pages={4407},
  doi={10.1029/2002JD002670},
  year={2003}
}

@article{walters2019,
  author={Walters, D. and Baran, A. J. and Boutle, I. and Brooks, M. and Earnshaw, P. and Edwards, J. and Furtado, K. and Hill, P. and Lock, A. and Manners, J. and Morcrette, C. and Mulcahy, J. and Sanchez, C. and Smith, C. and Stratton, R. and Tennant, W. and Tomassini, L. and Van Weverberg, K. and Vosper, S. and Willett, M. and Browse, J. and Bushell, A. and Carslaw, K. and Dalvi, M. and Essery, R. and Gedney, N. and Hardiman, S. and Johnson, B. and Johnson, C. and Jones, A. and Jones, C. and Mann, G. and Milton, S. and Rumbold, H. and Sellar, A. and Ujiie, M. and Whitall, M. and Williams, K. and Zerroukat, M.},
  title={The Met Office Unified Model Global Atmosphere 7.0/7.1 and JULES Global Land 7.0 configurations},
  journal={Geoscientific Model Development},
  volume={12},
  year={2019},
  number={5},
  pages={1909--1963},
  doi={10.5194/gmd-12-1909-2019}
}

@article{jin2015,
  title={Ceilometer calibration for retrieval of aerosol optical properties},
  author={Jin, Yoshitaka and Kai, Kenji and Kawai, Kei and Nagai, Tomohiro and Sakai, Tetsu and Yamazaki, Akihiro and Uchiyama, Akihiro and Batdorj, Dashdondog and Sugimoto, Nobuo and Nishizawa, Tomoaki},
  journal={Journal of Quantitative Spectroscopy and Radiative Transfer},
  volume={153},
  pages={49--56},
  year={2015},
  publisher={Elsevier},
  doi={10.1016/j.jqsrt.2014.10.009}
}

@article{heese2010,
  author={Heese, B. and Flentje, H. and Althausen, D. and Ansmann, A. and Frey, S.},
  title={Ceilometer lidar comparison: backscatter coefficient retrieval and signal-to-noise ratio determination},
  journal={Atmospheric Measurement Techniques},
  volume={3},
  year={2010},
  number={6},
  pages={1763--1770},
  doi={10.5194/amt-3-1763-2010}
}

@article{hogan2006,
  title={Fast approximate calculation of multiply scattered lidar returns},
  author={Hogan, Robin J},
  journal={Applied Optics},
  volume={45},
  number={23},
  pages={5984--5992},
  year={2006},
  publisher={Optical Society of America},
  doi={10.1364/AO.45.005984}
}

@article{flynn2007,
  title={Novel polarization-sensitive micropulse lidar measurement technique},
  author={Flynn, Connor J and Mendozaa, Albert and Zhengb, Yunhui and Mathurb, Savyasachee},
  journal={Optics express},
  volume={15},
  number={6},
  pages={2785--2790},
  year={2007},
  publisher={Optical Society of America},
  doi={10.1364/OE.15.002785}
}

@article{campbell2002,
  title={Full-time, eye-safe cloud and aerosol lidar observation at atmospheric radiation measurement program sites: Instruments and data processing},
  author={Campbell, James R and Hlavka, Dennis L and Welton, Ellsworth J and Flynn, Connor J and Turner, David D and Spinhirne, James D and Scott III, V Stanley and Hwang, IH},
  journal={Journal of Atmospheric and Oceanic Technology},
  volume={19},
  number={4},
  pages={431--442},
  year={2002},
  doi={10.1175/1520-0426(2002)019<0431:FTESCA>2.0.CO;2}
}

@article{klekociuk2019,
  title={{The state of the atmosphere in the 2016 southern Kerguelen Axis campaign region}},
  author={Klekociuk, Andrew R and French, W John R and Alexander, Simon P and Kuma, Peter and McDonald, Adrian J},
  journal={Deep Sea Research Part II: Topical Studies in Oceanography},
  year={2019},
  publisher={Elsevier},
  doi={10.1016/j.dsr2.2019.02.001},
  issn={0967-0645}
}

@article{illingworth2015b,
  title={{The EarthCARE satellite: The next step forward in global measurements of clouds, aerosols, precipitation, and radiation}},
  author={Illingworth, Anthony J and Barker, HW and Beljaars, A and Ceccaldi, Marie and Chepfer, H and Clerbaux, Nicolas and Cole, J and Delano{\"e}, Julien and Domenech, C and Donovan, David P and others},
  journal={Bulletin of the American Meteorological Society},
  volume={96},
  number={8},
  pages={1311--1332},
  year={2015},
  doi={10.1175/BAMS-D-12-00227.1}
}

@article{reverdy2015,
  title={{An EarthCARE/ATLID simulator to evaluate cloud description in climate models}},
  author={Reverdy, Mathieu and Chepfer, H{\'e}l{\`e}ne and Donovan, D and No{\"e}l, Vincent and C{\'e}sana, Gr{\'e}gory and Hoareau, Christophe and Chiriaco, Marjolaine and Bastin, Sophie},
  journal={Journal of Geophysical Research: Atmospheres},
  volume={120},
  number={21},
  pages={11--090},
  year={2015},
  publisher={Wiley Online Library},
  doi={10.1002/2015JD023919}
}

@article{chepfer2007,
  title={Evaluation of MM5 optically thin clouds over Europe in fall using ICESat lidar spaceborne observations},
  author={Chepfer, H and Chiriaco, Marjolaine and Vautard, R and Spinhirne, J},
  journal={Monthly weather review},
  volume={135},
  number={7},
  pages={2737--2753},
  year={2007},
  doi={10.1175/MWR3413.1}
}

@article{silber2018,
  title={Polar liquid cloud base detection algorithms for high spectral resolution or micropulse lidar data},
  author={Silber, Israel and Verlinde, Johannes and Eloranta, Edwin W and Flynn, Connor J and Flynn, Donna M},
  journal={Journal of Geophysical Research: Atmospheres},
  volume={123},
  number={8},
  pages={4310--4322},
  year={2018},
  publisher={Wiley Online Library},
  doi={10.1029/2017JD027840}
}

@article{costa-suros2013,
  title={Behavior of cloud base height from ceilometer measurements},
  journal={Atmospheric Research},
  volume={127},
  pages={64--76},
  year={2013},
  issn={0169-8095},
  author={M. Costa-Surós and J. Calbó and J.A. González and J. Martin-Vide},
  doi={10.1016/j.atmosres.2013.02.005}
}

@article{marenco1997,
  title={Optical properties of tropospheric aerosols determined by lidar and spectrophotometric measurement (Photochemical Activity and Solar Ultraviolet Radiation campaign)},
  author={Marenco, Franco and Santacesaria, Vincenzo and Bais, Alkiviadis F and Balis, Dimitris and di Sarra, Alcide and Papayannis, Alexandros and Zerefos, Christos},
  journal={Applied Optics},
  volume={36},
  number={27},
  pages={6875--6886},
  year={1997},
  publisher={Optical Society of America},
  doi={10.1364/AO.36.006875}
}

@article{liu2015,
  title={Comparison of cloud base height derived from a ground-based infrared cloud measurement and two ceilometers},
  author={Liu, Lei and Sun, Xue-jin and Liu, Xi-chuan and Gao, Tai-chang and Zhao, Shi-jun},
  journal={Advances in Meteorology},
  volume={2015},
  year={2015},
  publisher={Hindawi},
  doi={10.1155/2015/853861}
}

@article{liu2015a,
  title={Comparison of cloud base height derived from a ground-based infrared cloud measurement and two ceilometers},
  author={Liu, Lei and Sun, Xue-jin and Liu, Xi-chuan and Gao, Tai-chang and Zhao, Shi-jun},
  journal={Advances in Meteorology},
  volume={2015},
  year={2015},
  publisher={Hindawi},
  doi={10.1155/2015/853861}
}

@article{liu2015b,
  title={Cloud-base distribution and cirrus properties based on micropulse lidar measurements at a site in southeastern China},
  author={Liu, Jianjun and Li, Zhanqing and Zheng, Youfei and Cribb, Maureen},
  journal={Advances in Atmospheric Sciences},
  volume={32},
  number={7},
  pages={991--1004},
  year={2015},
  publisher={Springer},
  doi={10.1007/s00376-014-4176-2}
}

@article{lewis2016,
  title={Overview of MPLNET version 3 cloud detection},
  author={Lewis, Jasper R and Campbell, James R and Welton, Ellsworth J and Stewart, Sebastian A and Haftings, Phillip C},
  journal={Journal of Atmospheric and Oceanic Technology},
  volume={33},
  number={10},
  pages={2113--2134},
  year={2016},
  doi={10.1175/JTECH-D-15-0190.1}
}

@article{geleyn1979,
  title={An economical analytical method for the computation of the interaction between scattering and line absorption of radiation},
  author={Geleyn, JF and Hollingsworth, A},
  journal={Contributions to Atmospheric Physics},
  volume={52},
  number={1},
  year={1979}
}

@article{klein1999,
  title={{Validation and sensitivities of frontal clouds simulated by the ECMWF model}},
  author={Klein, Stephen A and Jakob, Christian},
  journal={Monthly Weather Review},
  volume={127},
  number={10},
  pages={2514--2531},
  year={1999},
  doi={10.1175/1520-0493(1999)127<2514:VASOFC>2.0.CO;2}
}

@article{bouniol2010,
  title={Using continuous ground-based radar and lidar measurements for evaluating the representation of clouds in four operational models},
  author={Bouniol, Dominique and Protat, Alain and Delano{\"e}, Julien and Pelon, Jacques and Piriou, Jean-Marcel and Bouyssel, Fran{\c{c}}ois and Tompkins, Adrian M and Wilson, Damian R and Morille, Yohann and Haeffelin, Martial and others},
  journal={Journal of Applied Meteorology and Climatology},
  volume={49},
  number={9},
  pages={1971--1991},
  year={2010},
  doi={10.1175/2010JAMC2333.1}
}

@article{hansen2018,
  author={Hansen, A. and Ament, F. and Gr\"utzun, V. and Lammert, A.},
  title={Model evaluation by a cloud classification based on multi-sensor observations},
  journal={Geoscientific Model Development Discussions},
  volume={2018},
  year={2018},
  pages={1--20},
  doi={10.5194/gmd-2018-259}
}

@article{derwalt2011,
  title={{The NumPy array: a structure for efficient numerical computation}},
  author={Van Der Walt, Stefan and Colbert, S Chris and Varoquaux, Gael},
  journal={Computing in Science \& Engineering},
  volume={13},
  number={2},
  pages={22--30},
  year={2011},
  publisher={IEEE Computer Society},
  doi={10.1109/MCSE.2011.37}, 
  issn={1558-366X},
  month={March}
}

@article{scipy2019,
  author={{Virtanen}, Pauli and {Gommers}, Ralf and {Oliphant}, Travis E. and {Haberland}, Matt and {Reddy}, Tyler and {Cournapeau}, David and {Burovski}, Evgeni and {Peterson}, Pearu and {Weckesser}, Warren and {Bright}, Jonathan and {van der Walt}, St{\'e}fan J.  and {Brett}, Matthew and {Wilson}, Joshua and {Jarrod Millman}, K. and {Mayorov}, Nikolay and {Nelson}, Andrew R.~J. and {Jones}, Eric and {Kern}, Robert and {Larson}, Eric and {Carey}, CJ and {Polat}, {\.I}lhan and {Feng}, Yu and {Moore}, Eric W. and {Vand erPlas}, Jake and {Laxalde}, Denis and {Perktold}, Josef and {Cimrman}, Robert and {Henriksen}, Ian and {Quintero}, E.~A. and {Harris}, Charles R and {Archibald}, Anne M. and {Ribeiro}, Ant{\^o}nio H. and {Pedregosa}, Fabian and {van Mulbregt}, Paul and {Contributors}},
  title={{SciPy 1.0--Fundamental Algorithms for Scientific Computing in Python}},
  journal={arXiv e-prints},
  year={2019},
  month={Jul},
  eid={arXiv:1907.10121},
  pages={arXiv:1907.10121},
  eprint={1907.10121},
}

@article{hunter2007,
  title={{Matplotlib: A 2D graphics environment}},
  author={Hunter, John D},
  journal={Computing in science \& engineering},
  volume={9},
  number={3},
  pages={90},
  year={2007},
  publisher={IEEE Computer Society},
  doi={10.1109/MCSE.2007.55}
}

@article{rew1990,
  title={{NetCDF: an interface for scientific data access}},
  author={Rew, Russ and Davis, Glenn},
  journal={IEEE computer graphics and applications},
  volume={10},
  number={4},
  pages={76--82},
  year={1990},
  publisher={IEEE},
  doi={10.1109/38.56302}
}

@manual{rossum1995,
  title={Python reference manual},
  author={Rossum, Guido},
  year={1995},
  publisher={CWI (Centre for Mathematics and Computer Science)}
}

@manual{r2017,
  title={{R: A Language and Environment for Statistical Computing}},
  author={{R Core Team}},
  organization={R Foundation for Statistical Computing},
  address={Vienna, Austria},
  year={2017},
  url={https://www.R-project.org/},
}

@article{werner2001,
  title={{Shuttle radar topography mission (SRTM) mission overview}},
  author={Werner, Marian},
  journal={Frequenz},
  volume={55},
  number={3--4},
  pages={75--79},
  year={2001},
  publisher={De Gruyter},
  doi={10.1515/FREQ.2001.55.3-4.75}
}

@mastersthesis{torvalds1997,
  author={Torvalds, Linus}, 
  title={Linux: a portable operating system},
  school={University of Helsinki},
  year={1997}
}

@article{wall2017,
  title={Instantaneous linkages between clouds and large-scale meteorology over the Southern Ocean in observations and a climate model},
  author={Wall, Casey J and Hartmann, Dennis L and Ma, Po-Lun},
  journal={Journal of Climate},
  volume={30},
  number={23},
  pages={9455--9474},
  year={2017},
  doi={10.1175/JCLI-D-17-0156.1}
}

@book{goody1995,
  title={Atmospheric radiation: theoretical basis},
  author={Goody, Richard M and Yung, Yuk Ling},
  year={1995},
  publisher={Oxford University Press},
  isbn={978-0195102918},
  edition={2}
}

@book{liou2002,
  title={An introduction to atmospheric radiation},
  author={Liou, Kuo-Nan},
  volume={84},
  year={2002},
  publisher={Elsevier},
  isbn={978-0124514515},
  edition={2}
}

@book{zdunkowski2007,
  title={Radiation in the atmosphere: a course in theoretical meteorology},
  author={Zdunkowski, Wilford and Trautmann, Thomas and Bott, Andreas},
  year={2007},
  publisher={Cambridge University Press},
  isbn={978-0521871075}
}

@book{petty2006,
  title={A First Course in Atmospheric Radiation},
  author={Petty, Grant W},
  year={2006},
  publisher={Sundog Publishing},
  isbn={978-0972903318},
  edition={2}
}

@article{welton2000,
  title={Ground-based lidar measurements of aerosols during ACE-2: Instrument description, results, and comparisons with other ground-based and airborne measurements},
  author={Welton, Ellsworth J and Voss, Kenneth J and Gordon, Howard R and Maring, Hal and Smirnov, Alexander and Holben, Brent and Schmid, Beat and Livingston, John M and Russell, Philip B and Durkee, Philip A and others},
  journal={Tellus B},
  volume={52},
  number={2},
  pages={636--651},
  year={2000},
  publisher={Wiley Online Library},
  doi={10.1034/j.1600-0889.2000.00025.x}
}

@article{welton2002,
  title={Measurements of aerosol vertical profiles and optical properties during INDOEX 1999 using micropulse lidars},
  author={Welton, Ellsworth J and Voss, Kenneth J and Quinn, Patricia K and Flatau, Piotr J and Markowicz, Krzysztof and Campbell, James R and Spinhirne, James D and Gordon, Howard R and Johnson, James E},
  journal={Journal of Geophysical Research: Atmospheres},
  volume={107},
  number={D19},
  pages={INX2--18},
  year={2002},
  publisher={Wiley Online Library},
  doi={10.1029/2000JD000038}
}

@article{dionisi2018,
  title={A multiwavelength numerical model in support of quantitative retrievals of aerosol properties from automated lidar ceilometers and test applications for AOT and PM 10 estimation},
  author={Dionisi, Davide and Barnaba, Francesca and Di{\'e}moz, Henri and Di Liberto, Luca and Gobbi, Gian Paolo},
  journal={Atmospheric Measurement Techniques},
  volume={11},
  number={11},
  pages={6013},
  year={2018},
  publisher={Copernicus GmbH},
  doi={10.5194/amt-11-6013-2018}
}

@article{eresmaa2006,
  title={Mixing height determination by ceilometer},
  author={Eresmaa, N and Karppinen, A and Joffre, SM and R{\"a}s{\"a}nen, J and Talvitie, H},
  journal={Atmospheric Chemistry and Physics},
  volume={6},
  number={6},
  pages={1485--1493},
  year={2006},
  publisher={Copernicus GmbH},
  doi={10.5194/acp-6-1485-2006}
}

@article{milroy2012,
  title={An assessment of pseudo-operational ground-based light detection and ranging sensors to determine the boundary-layer structure in the coastal atmosphere},
  author={Milroy, Conor and Martucci, Giovanni and Lolli, Simone and Loaec, Sophie and Sauvage, Laurent and Xueref-Remy, Irene and Lavri{\v{c}}, Jo{\v{s}}t V and Ciais, Philippe and Feist, Dietrich G and Biavati, Gionata and others},
  journal={Advances in Meteorology},
  volume={2012},
  year={2012},
  publisher={Hindawi},
  doi={10.1155/2012/929080}
}

@article{munkel2007,
  title={Retrieval of mixing height and dust concentration with lidar ceilometer},
  author={M{\"u}nkel, Christoph and Eresmaa, Noora and R{\"a}s{\"a}nen, Janne and Karppinen, Ari},
  journal={Boundary-layer meteorology},
  volume={124},
  number={1},
  pages={117--128},
  year={2007},
  publisher={Springer},
  doi={10.1007/s10546-006-9103-3}
}

@article{emeis2009,
  title={Observation of the structure of the urban boundary layer with different ceilometers and validation by RASS data},
  author={Emeis, Stefan and Sch{\"a}fer, Klaus and M{\"u}nkel, Christoph},
  journal={Meteorologische Zeitschrift},
  volume={18},
  number={2},
  pages={149--154},
  year={2009},
  publisher={E. Schweizerbart'sche Verlagsbuchhandlung},
  doi={10.1127/0941-2948/2009/0365}
}

@article{tsaknakis2011,
  title={Inter-comparison of lidar and ceilometer retrievals for aerosol and Planetary Boundary Layer profiling over Athens, Greece},
  author={Tsaknakis, Georgios and Papayannis, A and Kokkalis, P and Amiridis, V and Kambezidis, HD and Mamouri, RE and Georgoussis, G and Avdikos, G},
  journal={Atmospheric Measurement Techniques},
  volume={4},
  number={6},
  pages={1261--1273},
  year={2011},
  publisher={Copernicus GmbH},
  doi={10.5194/amt-4-1261-2011}
}

@article{knepp2017,
  title={Assessment of mixed-layer height estimation from single-wavelength ceilometer profiles},
  author={Knepp, T. N. and Szykman, J. J. and Long, R. and Duvall, R. M. and Krug, J. and Beaver, M. and Cavender, K. and Kronmiller, K. and Wheeler, M. and Delgado, R. and Hoff, R. and Berkoff, T. and Olson, E. and Clark, R. and Wolfe, D. and Van Gilst, D. and Neil, D.},
  journal={Atmospheric Measurement Techniques},
  volume={10},
  pages={3963--3983},
  year={2017},
  publisher={Copernicus GmbH},
  doi={10.5194/amt-10-3963-2017}
}

@article{hines2008,
  title={Development and testing of Polar Weather Research and Forecasting (WRF) model. Part I: Greenland ice sheet meteorology},
  author={Hines, Keith M and Bromwich, David H},
  journal={Monthly Weather Review},
  volume={136},
  number={6},
  pages={1971--1989},
  year={2008},
  doi={10.1175/2007MWR2112.1}
}

@article{pal1992,
  title={Automated method for lidar determination of cloud-base height and vertical extent},
  author={Pal, Shiv R and Steinbrecht, Wolfgang and Carswell, Allan I},
  journal={Applied optics},
  volume={31},
  number={10},
  pages={1488--1494},
  year={1992},
  publisher={Optical Society of America},
  doi={10.1364/AO.31.001488}
}

@article{wang2001,
  title={Cloud type and macrophysical property retrieval using multiple remote sensors},
  author={Wang, Zhien and Sassen, Kenneth},
  journal={Journal of Applied Meteorology},
  volume={40},
  number={10},
  pages={1665--1682},
  year={2001},
  doi={10.1175/1520-0450(2001)040<1665:CTAMPR>2.0.CO;2}
}

@article{stokes1994,
  title={The Atmospheric Radiation Measurement (ARM) Program: Programmatic background and design of the cloud and radiation test bed},
  author={Stokes, Gerald M and Schwartz, Stephen E},
  journal={Bulletin of the American Meteorological Society},
  volume={75},
  number={7},
  pages={1201--1222},
  year={1994},
  publisher={American Meteorological Society},
  doi={10.1175/1520-0477(1994)075<1201:TARMPP>2.0.CO;2}
}

@article{astropy2018,
   title={The Astropy Project: Building an Open-science Project and Status of the v2.0 Core Package},
   volume={156},
   ISSN={1538-3881},
   DOI={10.3847/1538-3881/aabc4f},
   number={3},
   journal={The Astronomical Journal},
   publisher={American Astronomical Society},
   author={Price-Whelan, A. M. and Sipőcz, B. M. and Günther, H. M. and Lim, P. L. and Crawford, S. M. and Conseil, S. and Shupe, D. L. and Craig, M. W. and Dencheva, N. and et al.},
   year={2018},
   month={Aug},
   pages={123}
}

@article{ebita2011,
  title={The Japanese 55-year reanalysis “JRA-55”: an interim report},
  author={Ebita, Ayataka and Kobayashi, Shinya and Ota, Yukinari and Moriya, Masami and Kumabe, Ryoji and Onogi, Kazutoshi and Harada, Yayoi and Yasui, Soichiro and Miyaoka, Kengo and Takahashi, Kiyotoshi and others},
  journal={Sola},
  volume={7},
  pages={149--152},
  year={2011},
  publisher={Meteorological Society of Japan},
  doi={10.2151/jmsj.2016-015}
}

@article{stephens2002,
  title={The CloudSat mission and the A-Train: A new dimension of space-based observations of clouds and precipitation},
  author={Stephens, Graeme L and Vane, Deborah G and Boain, Ronald J and Mace, Gerald G and Sassen, Kenneth and Wang, Zhien and Illingworth, Anthony J and O'Connor, Ewan J and Rossow, William B and Durden, Stephen L and others},
  journal={Bulletin of the American Meteorological Society},
  volume={83},
  number={12},
  pages={1771--1790},
  year={2002},
  publisher={American Meteorological Society},
  doi={10.1175/BAMS-83-12-1771}
}

@article{winker2009,
  title={Overview of the CALIPSO mission and CALIOP data processing algorithms},
  author={Winker, David M and Vaughan, Mark A and Omar, Ali and Hu, Yongxiang and Powell, Kathleen A and Liu, Zhaoyan and Hunt, William H and Young, Stuart A},
  journal={Journal of Atmospheric and Oceanic Technology},
  volume={26},
  number={11},
  pages={2310--2323},
  year={2009},
  doi={10.1175/2009JTECHA1281.1}
}

@article{illingworth2015,
  title={The EarthCARE satellite: The next step forward in global measurements of clouds, aerosols, precipitation, and radiation},
  author={Illingworth, Anthony J and Barker, HW and Beljaars, A and Ceccaldi, Marie and Chepfer, H and Clerbaux, Nicolas and Cole, J and Delano{\"e}, Julien and Domenech, C and Donovan, David P and others},
  journal={Bulletin of the American Meteorological Society},
  volume={96},
  number={8},
  pages={1311--1332},
  year={2015},
  doi={10.1175/BAMS-D-12-00227.1}
}

@article{rossow1991,
  title={ISCCP cloud data products},
  author={Rossow, William B and Schiffer, Robert A},
  journal={Bulletin of the American Meteorological Society},
  year={1991},
  publisher={American Meteorological Society},
  doi={10.1175/1520-0477(1991)072<0002:ICDP>2.0.CO;2}
}

@article{diner1998,
  title={Multi-angle Imaging SpectroRadiometer (MISR) instrument description and experiment overview},
  author={Diner, David J and Beckert, Jewel C and Reilly, Terrence H and Bruegge, Carol J and Conel, James E and Kahn, Ralph A and Martonchik, John V and Ackerman, Thomas P and Davies, Roger and Gerstl, Siegfried AW and others},
  journal={IEEE Transactions on Geoscience and Remote Sensing},
  volume={36},
  number={4},
  pages={1072--1087},
  year={1998},
  publisher={IEEE},
  doi={10.1109/36.700992}
}

@article{mie1908,
  title={Beitr{\"a}ge zur Optik tr{\"u}ber Medien, speziell kolloidaler Metall{\"o}sungen},
  author={Mie, Gustav},
  journal={Annalen der physik},
  volume={330},
  number={3},
  pages={377--445},
  year={1908},
  publisher={Wiley Online Library},
  doi={10.1002/andp.19083300302}
}

@misc{srtm,
  title={NASA Shuttle Radar Topography Mission Global 3 arc second [Data set]},
  year={2013},
  author={{NASA JPL}},
  doi={https://doi.org/10.5067/MEaSUREs/SRTM/SRTMGL3.003},
  howpublished={NASA EOSDIS Land Processes DAAC}
}

@manual{alcf-doc,
  title={Automatic Lidar and Ceilometer Framework version 1.0: Technical Documentation},
  year={2020},
  author={Kuma, P and McDonald, AJ and Morgenstern, O and Richard, Q and Silber, I and Flynn, CJ},
  url={https://alcf-lidar.github.io},
  doi={10.5281/zenodo.3779518}
}

@article{morcrette2010,
  title={Analysis of prognostic cloud scheme increments in a climate model},
  author={Morcrette, Cyril J and Petch, Jon C},
  journal={Quarterly Journal of the Royal Meteorological Society},
  volume={136},
  number={653},
  pages={2061--2073},
  year={2010},
  publisher={Wiley Online Library},
  doi={10.1002/qj.720}
}

@article{smith1990,
  title={A scheme for predicting layer clouds and their water content in a general circulation model},
  author={Smith, RNB},
  journal={Quarterly Journal of the Royal Meteorological Society},
  volume={116},
  number={492},
  pages={435--460},
  year={1990},
  publisher={Wiley Online Library},
  doi={10.1002/qj.49711649210}
}

@phdthesis{jakob2000,
  title={The representation of cloud cover in atmospheric general circulation models},
  author={Christian Jakob},
  year={2000},
  school={Fakultät für Physik der Ludwig-Maximilians-Universität München},
  month={10}
}

@article{sundqvist1978,
  title={A parameterization scheme for non-convective condensation including prediction of cloud water content},
  author={Sundqvist, Hilding},
  journal={Quarterly Journal of the Royal Meteorological Society},
  volume={104},
  number={441},
  pages={677--690},
  year={1978},
  publisher={Wiley Online Library},
  doi={10.1002/qj.49710444110}
}

@article{sundqvist1989,
  author={Sundqvist, Hilding and Berge, Erik and Kristjánsson, Jón Egill},
  title={Condensation and Cloud Parameterization Studies with a Mesoscale Numerical Weather Prediction Model},
  journal={Monthly Weather Review},
  volume={117},
  number={8},
  pages={1641-1657},
  year={1989},
  doi={10.1175/1520-0493(1989)117<1641:CACPSW>2.0.CO;2}
}

@article{kawai2019,
AUTHOR={Kawai, H. and Yukimoto, S. and Koshiro, T. and Oshima, N. and Tanaka, T. and Yoshimura, H. and Nagasawa, R.},
TITLE={Significant improvement of cloud representation in the global climate model MRI-ESM2},
JOURNAL={Geoscientific Model Development},
VOLUME={12},
YEAR={2019},
NUMBER={7},
PAGES={2875--2897},
DOI={10.5194/gmd-12-2875-2019}
}

@article{tiedtke1993,
author = {Tiedtke, M.},
title = {Representation of Clouds in Large-Scale Models},
journal = {Monthly Weather Review},
volume = {121},
number = {11},
pages = {3040-3061},
year = {1993},
doi = {10.1175/1520-0493(1993)121<3040:ROCILS>2.0.CO;2},
}

@article{gregory1990,
  title={A mass flux convection scheme with representation of cloud ensemble characteristics and stability-dependent closure},
  author={Gregory, D and Rowntree, PR},
  journal={Monthly Weather Review},
  volume={118},
  number={7},
  pages={1483--1506},
  year={1990},
  doi={10.1175/1520-0493(1990)118<1483:AMFCSW>2.0.CO;2}
}

@article{davidson1968,
  title={The Barbados oceanographic and meteorological experiment},
  author={Davidson, Ben},
  journal={Bulletin of the American Meteorological Society},
  volume={49},
  number={9},
  pages={928--935},
  year={1968},
  publisher={American Meteorological Society},
  doi={10.1175/1520-0477-49.9.928}
}

@article{smith1995,
  title={Observations of the turbulent fluxes in fields of cumulus clouds},
  author={Smith, Samantha A and Jonas, Peter R},
  journal={Quarterly Journal of the Royal Meteorological Society},
  volume={121},
  number={526},
  pages={1185--1208},
  year={1995},
  publisher={Wiley Online Library},
  doi={10.1002/qj.49712152602}
}

@article{grant1999,
  title={A similarity hypothesis for shallow-cumulus transports},
  author={Grant, ALM and Brown, AR},
  journal={Quarterly Journal of the Royal Meteorological Society},
  volume={125},
  number={558},
  pages={1913--1936},
  year={1999},
  publisher={Wiley Online Library},
  doi={10.1002/qj.49712555802}
}

@article{grant2001,
  title={Cloud-base fluxes in the cumulus-capped boundary layer},
  author={Grant, ALM},
  journal={Quarterly Journal of the Royal Meteorological Society},
  volume={127},
  number={572},
  pages={407--421},
  year={2001},
  publisher={Wiley Online Library},
  doi={10.1002/qj.49712757209}
}

@article{lock2000,
  title={A new boundary layer mixing scheme. Part I: Scheme description and single-column model tests},
  author={Lock, AP and Brown, AR and Bush, MR and Martin, GM and Smith, RNB},
  journal={Monthly weather review},
  volume={128},
  number={9},
  pages={3187--3199},
  year={2000},
  doi={10.1175/1520-0493(2000)128<3187:ANBLMS>2.0.CO;2}
}

@article{martin2000,
  title={A new boundary layer mixing scheme. Part II: Tests in climate and mesoscale models},
  author={Martin, GM and Bush, MR and Brown, AR and Lock, AP and Smith, RNB},
  journal={Monthly weather review},
  volume={128},
  number={9},
  pages={3200--3217},
  year={2000},
  doi={10.1175/1520-0493(2000)128<3200:ANBLMS>2.0.CO;2}
}

@article{best2011,
  title={The Joint UK Land Environment Simulator (JULES), model description--Part 1: energy and water fluxes},
  author={Best, MJ and Pryor, M and Clark, DB and Rooney, GG and Essery, RLH and M{\'e}nard, CB and Edwards, JM and Hendry, MA and Porson, A and Gedney, N and others},
  journal={Geoscientific Model Development},
  volume={4},
  number={1},
  pages={677--699},
  year={2011},
  publisher={Copernicus for European Geosciences Union},
  doi={10.5194/gmd-4-677-2011}
}

@article{clark2011,
  title={The Joint UK Land Environment Simulator (JULES), model description—Part 2: carbon fluxes and vegetation dynamics},
  author={Clark, DB and Mercado, LM and Sitch, S and Jones, CD and Gedney, N and Best, MJ and Pryor, M and Rooney, GG and Essery, RLH and Blyth, E and others},
  journal={Geoscientific Model Development},
  volume={4},
  number={3},
  pages={701--722},
  year={2011},
  doi={10.5194/gmd-4-701-2011}
}

@article{loveridge2019,
  title={Cloud Heterogeneity in the Marine Midlatitudes: Dependence on Large-Scale Meteorology and Implications for General Circulation Models},
  author={Loveridge, Jesse and Davies, Roger},
  journal={Journal of Geophysical Research: Atmospheres},
  volume={124},
  number={6},
  pages={3448--3463},
  year={2019},
  publisher={Wiley Online Library},
  doi={10.1029/2018JD029826}
}

@article{vignesh2020,
  title={Assessment of CMIP6 Cloud Fraction and Comparison with Satellite Observations},
  author={Vignesh, P Preetham and Jiang, Jonathan H and Kishore, P and Su, Hui and Smay, Timothy and Brighton, Nicholas and Velicogna, Isabella},
  journal={Earth and Space Science},
  volume={7},
  number={2},
  pages={e2019EA000975},
  year={2020},
  publisher={Wiley Online Library},
  doi={10.1029/2019EA000975}
}

@article{li2013,
  title={Characterizing and understanding radiation budget biases in CMIP3/CMIP5 GCMs, contemporary GCM, and reanalysis},
  author={Li, J-LF and Waliser, DE and Stephens, G and Lee, Seungwon and L'Ecuyer, T and Kato, Seiji and Loeb, Norman and Ma, Hsi-Yen},
  journal={Journal of Geophysical Research: Atmospheres},
  volume={118},
  number={15},
  pages={8166--8184},
  year={2013},
  publisher={Wiley Online Library},
  doi={10.1002/jgrd.50378}
}

@article{guichard2017,
  title={A short review of numerical cloud-resolving models},
  author={Guichard, Fran{\c{c}}oise and Couvreux, Fleur},
  journal={Tellus A: Dynamic Meteorology and Oceanography},
  volume={69},
  number={1},
  pages={1373578},
  year={2017},
  publisher={Taylor \& Francis},
  doi={10.1080/16000870.2017.1373578}
}

@article{satoh2019,
  title={Global cloud-resolving models},
  author={Satoh, Masaki and Stevens, Bjorn and Judt, Falko and Khairoutdinov, Marat and Lin, Shian-Jiann and Putman, William M and D{\"u}ben, Peter},
  journal={Current Climate Change Reports},
  volume={5},
  number={3},
  pages={172--184},
  year={2019},
  publisher={Springer},
  doi={10.1007/s40641-019-00131-0}
}

@book{wallace2006,
  title={Atmospheric science: an introductory survey},
  author={Wallace, John M and Hobbs, Peter V},
  volume={92},
  year={2006},
  publisher={Elsevier},
  isbn={0080499538}
}

@manual{umdp030,
  title={Unified Model Documentation Paper 030: The PC2 Cloud Scheme},
  author={Wilson, D and Bushell, A and Morcrette, C},
  year={2015},
  organization={UK Met Office}
}

@manual{umdp024,
  title={Unified Model Documentation Paper 024: The Parametrization of Boundary Layer Processes},
  author={Lock, A and Edwards, J and Boutle, I},
  year={2019},
  organization={UK Met Office}
}

@article{fairall2003,
  title={Bulk parameterization of air--sea fluxes: Updates and verification for the COARE algorithm},
  author={Fairall, CW and Bradley, Edward F and Hare, JE and Grachev, AA and Edson, JB},
  journal={Journal of climate},
  volume={16},
  number={4},
  pages={571--591},
  year={2003},
  doi={10.1175/1520-0442(2003)016<0571:BPOASF>2.0.CO;2}
}

@article{gregory2002,
  title={Insights into cloud parametrization provided by a prognostic approach},
  author={Gregory, David and Wilson, Damian and Bushell, Andrew},
  journal={Quarterly Journal of the Royal Meteorological Society},
  volume={128},
  number={583},
  pages={1485--1504},
  year={2002},
  publisher={Wiley Online Library},
  doi={10.1002/qj.200212858305}
}
@article{roemmich2009a,
  title={The Argo Program: Observing the global ocean with profiling floats},
  author={Roemmich, Dean and Johnson, Gregory C and Riser, Stephen and Davis, Russ and Gilson, John and Owens, W Brechner and Garzoli, Silvia L and Schmid, Claudia and Ignaszewski, Mark},
  journal={Oceanography},
  volume={22},
  number={2},
  pages={34--43},
  year={2009},
  publisher={JSTOR},
  doi={10.5670/oceanog.2009.36}
}

@article{cerovevcki2011,
  title={A comparison of Southern Ocean air--sea buoyancy flux from an ocean state estimate with five other products},
  author={Cerove{\v{c}}ki, Ivana and Talley, Lynne D and Mazloff, Matthew R},
  journal={Journal of Climate},
  volume={24},
  number={24},
  pages={6283--6306},
  year={2011},
  doi={10.1175/2011jcli3858.1}
}

@misc{wmo2019,
  title={WMO Statement on the State of the Global Climate in 2019},
  author={{WMO}},
  year={2020},
  organization={World Meteorological Organization},
  isbn={978-92-63-11248-4}
}

@article{revell2019,
  title={The sensitivity of Southern Ocean aerosols and cloud microphysics to sea spray and sulfate aerosol production in the HadGEM3-GA7. 1 chemistry--climate model},
  author={Revell, Laura E and Kremser, Stefanie and Hartery, Sean and Harvey, Mike and Mulcahy, Jane P and Williams, Jonny and Morgenstern, Olaf and McDonald, Adrian J and Varma, Vidya and Bird, Leroy and others},
  journal={Atmospheric Chemistry and Physics},
  volume={19},
  number={24},
  pages={15447--15466},
  year={2019},
  publisher={Copernicus GmbH},
  doi={10.5194/acp-19-15447-2019}
}
