@misc{G-SDSU,
  title={{G-SDSU}},
  url={https://cloud.gsfc.nasa.gov/index.php?section=14},
  year={2019}
}

@article{masunaga2010,
  title={Satellite data simulator unit: A multisensor, multispectral satellite simulator package},
  author={Masunaga, Hirohiko and Matsui, Toshihisa and Tao, Wei-kuo and Hou, Arthur Y and Kummerow, Christian D and Nakajima, Teruyuki and Bauer, Peter and Olson, William S and Sekiguchi, Miho and Nakajima, Takashi Y},
  journal={Bulletin of the American Meteorological Society},
  volume={91},
  number={12},
  pages={1625--1632},
  year={2010},
  publisher={American Meteorological Society},
  doi={10.1175/2010BAMS2809.1}
}

@article{eyring2019,
  title={Taking climate model evaluation to the next level},
  author={Eyring, Veronika and Cox, Peter M and Flato, Gregory M and Gleckler, Peter J and Abramowitz, Gab and Caldwell, Peter and Collins, William D and Gier, Bettina K and Hall, Alex D and Hoffman, Forrest M and others},
  journal={Nature Climate Change},
  pages={1},
  year={2019},
  publisher={Nature Publishing Group},
  doi={10.1038/s41558-018-0355-y}
}

@article{hourdin2017,
  title={The art and science of climate model tuning},
  author={Hourdin, Fr{\'e}d{\'e}ric and Mauritsen, Thorsten and Gettelman, Andrew and Golaz, Jean-Christophe and Balaji, Venkatramani and Duan, Qingyun and Folini, Doris and Ji, Duoying and Klocke, Daniel and Qian, Yun and others},
  journal={Bulletin of the American Meteorological Society},
  volume={98},
  number={3},
  pages={589--602},
  year={2017},
  doi={10.1175/BAMS-D-15-00135.1}
}

@article{schmidt2017,
  title={{Practice and philosophy of climate model tuning across six US modeling centers}},
  author={Schmidt, Gavin A and Bader, David and Donner, Leo J and Elsaesser, Gregory S and Golaz, Jean-Christophe and Hannay, Cecile and Molod, Andrea and Neale, Rich and Saha, Suranjana},
  journal={Geoscientific Model Development},
  volume={10},
  number={9},
  pages={3207--3223},
  year={2017},
  doi={10.5194/gmd-10-3207-2017}
}

@article{bodas-salcedo2011,
  title={{COSP: Satellite simulation software for model assessment}},
  author={Bodas-Salcedo, A and Webb, MJ and Bony, S and Chepfer, H and Dufresne, J-L and Klein, SA and Zhang, Y and Marchand, R and Haynes, JM and Pincus, R and others},
  journal={Bulletin of the American Meteorological Society},
  volume={92},
  number={8},
  pages={1023--1043},
  year={2011},
  publisher={American Meteorological Society},
  doi={10.1175/2011BAMS2856.1}
}

@article{swales2018,
  title={{The Cloud Feedback Model Intercomparison Project Observational Simulator Package: Version 2}},
  author={Swales, Dustin J and Pincus, Robert and Bodas-Salcedo, Alejandro},
  journal={Geoscientific Model Development},
  volume={11},
  number={1},
  pages={77--81},
  year={2018},
  publisher={Copernicus GmbH},
  doi={10.5194/gmd-11-77-2018}
}

@article{kuma2019,
  author={Kuma, P. and McDonald, A. J. and Morgenstern, O. and Alexander, S. P. and Cassano, J. J. and Garrett, S. and Halla, J. and Hartery, S. and Harvey, M. J. and Parsons, S. and Plank, G. and Varma, V. and Williams, J.},
  title={{Evaluation of Southern Ocean cloud in the HadGEM3 general circulation model and MERRA-2 reanalysis using ship-based observations}},
  journal={Atmospheric Chemistry and Physics Discussions},
  volume={2019},
  year={2019},
  pages={1--37},
  doi={10.5194/acp-2019-201}
}

@article{walters2017,
  title={{The Met Office unified model global atmosphere 6.0/6.1 and JULES global land 6.0/6.1 configurations}},
  author={Walters, David and Brooks, Malcolm and Boutle, Ian and Melvin, Thomas and Stratton, Rachel and Vosper, Simon and Wells, Helen and Williams, Keith and Wood, Nigel and Allen, Thomas and others},
  journal={Geoscientific Model Development},
  volume={10},
  number={4},
  pages={1487--1520},
  year={2017},
  publisher={European Geosciences Union},
  doi={10.5194/gmd-12-1909-2019}
}

@article{zadra2018,
  title={Systematic Errors in Weather and Climate Models: Nature, Origins, and Ways Forward},
  author={Zadra, Ayrton and Williams, Keith and Frassoni, Ariane and Rixen, Michel and Adames, {\'A}ngel F and Berner, Judith and Bouyssel, Fran{\c{c}}ois and Casati, Barbara and Christensen, Hannah and Ek, Michael B and others},
  journal={Bulletin of the American Meteorological Society},
  volume={99},
  number={4},
  pages={ES67--ES70},
  year={2018},
  doi={10.1175/BAMS-D-17-0287.1}
}

@article{chiriaco2006,
  title={{The ability of MM5 to simulate ice clouds: Systematic comparison between simulated and measured fluxes and lidar/radar profiles at the SIRTA atmospheric observatory}},
  author={Chiriaco, Marjolaine and Vautard, Robert and Chepfer, H{\'e}l{\`e}ne and Haeffelin, Martial and Dudhia, J and Wanherdrick, Y and Morille, Yohann and Protat, Alain},
  journal={Monthly weather review},
  volume={134},
  number={3},
  pages={897--918},
  year={2006},
  doi={10.1175/MWR3102.1}
}

@article{webb2017,
  title={{The cloud feedback model Intercomparison Project (CFMIP) contribution to CMIP6}},
  author={Webb, Mark J and Andrews, Timothy and Bodas-Salcedo, Alejandro and Bony, Sandrine and Bretherton, Christopher S and Chadwick, Robin and Chepfer, H{\'e}l{\`e}ne and Douville, Herv{\'e} and Good, Peter and Kay, Jennifer E and others},
  journal={Geoscientific Model Development},
  volume={10},
  number={1},
  pages={359--384},
  year={2017},
  doi={10.5194/gmd-10-359-2017}
}

@article{eyring2016,
  title={{Overview of the Coupled Model Intercomparison Project Phase 6 (CMIP6) experimental design and organization}},
  author={Eyring, Veronika and Bony, Sandrine and Meehl, Gerald A and Senior, Catherine A and Stevens, Bjorn and Stouffer, Ronald J and Taylor, Karl E},
  journal={Geoscientific Model Development},
  volume={9},
  number={5},
  pages={1937--1958},
  year={2016},
  doi={10.5194/gmd-9-1937-2016}
}

@article{spinhirne1995,
  title={Compact eye safe lidar systems},
  author={Spinhirne, James D and RALL, Jonathan AR and SCOTT, V Stanley},
  journal={The Review of Laser Engineering},
  volume={23},
  number={2},
  pages={112--118},
  year={1995},
  publisher={The Laser Society of Japan}
}

@article{martucci2010,
  title={{Detection of cloud-base height using Jenoptik CHM15K and Vaisala CL31 ceilometers}},
  author={Martucci, Giovanni and Milroy, Conor and O’Dowd, Colin D},
  journal={Journal of Atmospheric and Oceanic Technology},
  volume={27},
  number={2},
  pages={305--318},
  year={2010},
  doi={10.1175/2009JTECHA1326.1}
}

@inproceedings{cromwell2019,
  title={Lidar cloud detection with fully convolutional networks},
  author={Cromwell, Erol and Flynn, Donna},
  booktitle={2019 IEEE Winter Conference on Applications of Computer Vision (WACV)},
  pages={619--627},
  year={2019},
  organization={IEEE}
}

@article{tricht2014,
  title={An improved algorithm for polar cloud-base detection by ceilometer over the ice sheets},
  author={Van Tricht, Kristof and Gorodetskaya, IV and Lhermitte, Stef and Turner, DD and Schween, JH and Van Lipzig, NPM},
  journal={Atmospheric Measurement Techniques},
  volume={7},
  number={5},
  pages={1153--1167},
  year={2014},
  publisher={Copernicus GmbH},
  doi={10.5194/amt-7-1153-2014}
}

@article{buhl2016,
  title={{Measuring ice-and liquid-water properties in mixed-phase cloud layers at the Leipzig Cloudnet station}},
  author={B{\"u}hl, Johannes and Seifert, Patric and Myagkov, Alexander and Ansmann, Albert},
  journal={Atmospheric Chemistry and Physics},
  volume={16},
  number={16},
  pages={10609--10620},
  year={2016},
  publisher={Copernicus GmbH},
  doi={10.5194/acp-16-10609-2016}
}

@article{chiriaco2018,
  title={{ReOBS: a new approach to synthesize long-term multi-variable dataset and application to the SIRTA supersite}},
  author={Chiriaco, Marjolaine and Dupont, Jean-Charles and Bastin, Sophie and Badosa, Jordi and Lopez, Julio and Haeffelin, Martial and Chepfer, Helene and Guzman, Rodrigo},
  journal={Earth System Science Data},
  volume={10},
  number={2},
  pages={919},
  year={2018},
  publisher={Copernicus GmbH},
  doi={10.5194/essd-10-919-2018}
}

@article{bastin2018,
  title={{Control of radiation and evaporation on temperature variability in a WRF regional climate simulation: comparison with colocated long term ground based observations near Paris}},
  author={Bastin, Sophie and Chiriaco, Marjolaine and Drobinski, Philippe},
  journal={Climate dynamics},
  volume={51},
  number={3},
  pages={985--1003},
  year={2018},
  publisher={Springer},
  doi={10.1007/s00382-016-2974-1}
}

@article{zhang2018,
  title={The {ARM} Cloud Radar Simulator for Global Climate Models: Bridging Field Data and Climate Models},
  author={Zhang, Yuying and Xie, Shaocheng and Klein, Stephen A and Marchand, Roger and Kollias, Pavlos and Clothiaux, Eugene E and Lin, Wuyin and Johnson, Karen and Swales, Dustin and Bodas-Salcedo, Alejandro and others},
  journal={Bulletin of the American Meteorological Society},
  volume={99},
  number={1},
  pages={21--26},
  year={2018},
  doi={10.1175/BAMS-D-16-0258.1}
}

@article{williams2017,
  title={A multi-diagnostic approach to cloud evaluation},
  author={Williams, Keith D and Bodas-Salcedo, Alejandro},
  journal={Geoscientific Model Development},
  volume={10},
  number={7},
  pages={2547},
  year={2017},
  publisher={Copernicus GmbH},
  doi={10.5194/gmd-10-2547-2017}
}

@article{grabowski2018,
  title={Modeling of cloud microphysics: Can we do better?},
  author={Grabowski, Wojciech W and Morrison, Hugh and Shima, Shin-ichiro and Abade, Gustavo C and Dziekan, Piotr and Pawlowska, Hanna},
  journal={Bulletin of the American Meteorological Society},
  number={2018},
  year={2018},
  doi={10.1175/BAMS-D-18-0005.1}
}

@article{khouider2018,
  title={A new stochastic model for the boundary layer clouds and stratocumulus phase transition regimes: open cells, closed cells, and convective rolls},
  author={Khouider, Boualem and Bihlo, Alexander},
  journal={Journal of Geophysical Research: Atmospheres},
  year={2018},
  publisher={Wiley Online Library}
}

@book{emeis2010,
  title={Surface-based remote sensing of the atmospheric boundary layer},
  author={Emeis, Stefan},
  volume={40},
  year={2010},
  publisher={Springer Science \& Business Media},
  isbn={978-90-481-9340-0},
  doi={10.1007/978-90-481-9340-0}
}

@article{kotthaus2016,
  title={{Recommendations for processing atmospheric attenuated backscatter profiles from Vaisala CL31 ceilometers}},
  author={Kotthaus, Simone and O'Connor, Ewan and M{\"u}nkel, Christoph and Charlton-Perez, Cristina and Haeffelin, Martial and Gabey, Andrew M and Grimmond, C Sue B},
  journal={Atmospheric Measurement Techniques},
  volume={9},
  number={8},
  pages={3769--3791},
  year={2016},
  publisher={Copernicus GmbH},
  doi={10.5194/amt-9-3769-2016}
}

@article{hopkin2019,
  author={Hopkin, E. and Illingworth, A. J. and Charlton-Perez, C. and Westbrook, C. D. and Ballard, S.},
  title={A robust automated technique for operational calibration of ceilometers using the integrated backscatter from totally attenuating liquid clouds},
  journal={Atmospheric Measurement Techniques Discussions},
  volume={2019},
  year={2019},
  pages={1--28},
  doi={10.5194/amt-2018-427}
}

@article{edwards1996,
  title={Studies with a flexible new radiation code. I: Choosing a configuration for a large-scale model},
  author={Edwards, JM and Slingo, A},
  journal={Quarterly Journal of the Royal Meteorological Society},
  volume={122},
  number={531},
  pages={689--719},
  year={1996},
  publisher={Wiley Online Library},
  doi={10.1002/qj.49712253107}
}

@article{petty2011,
  title={The modified gamma size distribution applied to inhomogeneous and nonspherical particles: Key relationships and conversions},
  author={Petty, Grant W and Huang, Wei},
  journal={Journal of the Atmospheric Sciences},
  volume={68},
  number={7},
  pages={1460--1473},
  year={2011},
  doi={10.1175/2011JAS3645.1}
}

@inproceedings{chang2001,
  title={The effect of droplet size distribution on the determination of cloud droplet effective radius},
  author={Chang, FL and Li, Z},
  booktitle={11th ARM Science Team Meeting, Atlanta, Ga},
  pages={19--23},
  year={2001}
}

@article{oconnor2004,
  title={A technique for autocalibration of cloud lidar},
  author={O'Connor, Ewan J and Illingworth, Anthony J and Hogan, Robin J},
  journal={Journal of Atmospheric and Oceanic Technology},
  volume={21},
  number={5},
  pages={777--786},
  year={2004},
  doi={10.1175/1520-0426(2004)021<0777:ATFAOC>2.0.CO;2}
}

@article{cazorla2017,
  author={Cazorla, A. and Casquero-Vera, J. A. and Rom\'an, R. and Guerrero-Rascado, J. L. and Toledano, C. and Cachorro, V. E. and Orza, J. A. G. and Cancillo, M. L. and Serrano, A. and Titos, G. and Pandolfi, M. and Alastuey, A. and Hanrieder, N. and Alados-Arboledas, L.},
  title={Near-real-time processing of a ceilometer network assisted with sun-photometer data: monitoring a dust outbreak over the Iberian Peninsula},
  journal={Atmospheric Chemistry and Physics},
  volume={17},
  year={2017},
  number={19},
  pages={11861--11876},
  doi={10.5194/acp-17-11861-2017}
}

@article{illingworth2007,
  title={Cloudnet: Continuous evaluation of cloud profiles in seven operational models using ground-based observations},
  author={Illingworth, AJ and Hogan, RJ and O'connor, EJ and Bouniol, Dominique and Brooks, ME and Delano{\"e}, Julien and Donovan, DP and Eastment, JD and Gaussiat, N and Goddard, JWF and others},
  journal={Bulletin of the American Meteorological Society},
  volume={88},
  number={6},
  pages={883--898},
  year={2007},
  publisher={American Meteorological Society},
  doi={10.1175/BAMS-88-6-883}
}

@article{pappalardo2014,
  author={Pappalardo, G. and Amodeo, A. and Apituley, A. and Comeron, A. and Freudenthaler, V. and Linn\'e, H. and Ansmann, A. and B\"osenberg, J. and D'Amico, G. and Mattis, I. and Mona, L. and Wandinger, U. and Amiridis, V. and Alados-Arboledas, L. and Nicolae, D. and Wiegner, M.},
  title={EARLINET: towards an advanced sustainable European aerosol lidar network},
  journal={Atmospheric Measurement Techniques},
  volume={7},
  year={2014},
  number={8},
  pages={2389--2409},
  doi={10.5194/amt-7-2389-2014}
}

@article{illingworth2018,
  title={How can Existing Ground-Based Profiling Instruments Improve European Weather Forecasts?},
  author={Illingworth, AJ and Cimini, D and Haefele, A and Haeffelin, M and Hervo, M and Kotthaus, S and L{\"o}hnert, U and Martinet, P and Mattis, I and O’Connor, EJ and others},
  journal={Bulletin of the American Meteorological Society},
  number={2018},
  year={2018},
  doi={10.1175/BAMS-D-17-0231.1}
}

@article{welton2006,
  title={The NASA Micro-Pulse Lidar Network (MPLNET): an overview and recent results},
  author={Welton, Ellsworth J and Campbell, James R and Berkoff, Timothy A and Valencia, Sandra and Spinhirne, James D and Holben, Brent and Tsay, Si-Chee and Schmid, Beat},
  journal={Opt. Pur. Apl},
  volume={39},
  pages={67--74},
  year={2006}
}

@article{illingworth2015a,
  title={Exploiting existing ground-based remote sensing networks to improve high-resolution weather forecasts},
  author={Illingworth, Anthony J and Cimini, D and Gaffard, C and Haeffelin, M and Lehmann, V and L{\"o}hnert, U and O’Connor, Ewan J and Ruffieux, D},
  journal={Bulletin of the American Meteorological Society},
  volume={96},
  number={12},
  pages={2107--2125},
  year={2015},
  doi={10.1175/BAMS-D-13-00283.1}
}

@inproceedings{mattis2016,
  author = {{Mattis}, Ina and {Begbie}, Robert and {Boyouk}, Neda and {Bravo-Aranda}, Juan Antonio and {Brettle}, Mike and {Cermak}, Jan and {Drouin}, Marc-Antoine and {Gei{\ss}}, Alexander and {G{\"o}rsdorf}, Ulrich and {Haefele}, Alexander and {Haeffelin}, Martial and {Hervo}, Maxime and {Kom{\'\i}nkov{\'a}}, Kate{\v{r}}ina and {Leinweber}, Ronny and {M{\"u}ller}, Gerhard and {M{\"u}nkel}, Christoph and {Pattanty{\'u}s-{\'A}brah{\'a}m}, Margit and {P{\"o}nitz}, Kornelia and {Wagner}, Frank and {Wiegner}, Matthias},
  title={The ceilometer inter-comparison campaign CeiLinEx2015},
  booktitle={EGU General Assembly Conference Abstracts},
  year={2016},
  month={Apr},
  eid={EPSC2016-9687},
  pages={EPSC2016-9687}
}

@inproceedings{rosoldi2018,
  title={The lesson learnt during interact-I and INTERACT-II actris measurement campaigns},
  author={Rosoldi, Marco and Madonna, Fabio and Pappalardo, Gelsomina and Hey, Joshua Vande and Zheng, Yunhui},
  booktitle={EPJ Web of Conferences},
  volume={176},
  pages={11002},
  year={2018},
  organization={EDP Sciences}
}

@article{madonna2018,
  title={Intercomparison of aerosol measurements performed with multi-wavelength Raman lidars, automatic lidars and ceilometers in the framework of INTERACT-II campaign},
  author={Madonna, Fabio and Rosoldi, Marco and Lolli, Simone and Amato, Francesco and Vande Hey, Joshua and Dhillon, Ranvir and Zheng, Yunhui and Brettle, Mike and Pappalardo, Gelsomina},
  journal={Atmospheric Measurement Techniques},
  volume={11},
  number={4},
  pages={2459--2475},
  year={2018},
  publisher={Copernicus GmbH},
  doi={10.5194/amt-11-2459-2018}
}

@inproceedings{mcgill2015,
  title={{The Cloud-Aerosol Transport System (CATS): A technology demonstration on the International Space Station}},
  author={McGill, Matthew J and Yorks, John E and Scott, V Stanley and Kupchock, Andrew W and Selmer, Patrick A},
  booktitle={Lidar Remote Sensing for Environmental Monitoring XV},
  volume={9612},
  pages={96120A},
  year={2015},
  organization={International Society for Optics and Photonics},
}

@article{markus2017,
  title={{The Ice, Cloud, and land Elevation Satellite-2 (ICESat-2): science requirements, concept, and implementation}},
  author={Markus, Thorsten and Neumann, Tom and Martino, Anthony and Abdalati, Waleed and Brunt, Kelly and Csatho, Beata and Farrell, Sinead and Fricker, Helen and Gardner, Alex and Harding, David and others},
  journal={Remote sensing of environment},
  volume={190},
  pages={260--273},
  year={2017},
  publisher={Elsevier},
  doi={10.1016/j.rse.2016.12.029}
}

@inproceedings{straume2018,
  title={ESA’s spaceborne lidar mission ADM-Aeolus; project status and preparations for launch},
  author={Straume, Anne Grete and Elfving, Anders and Wernham, Denny and de Bruin, Frank and Kanitz, Thomas and Schuettemeyer, Dirk and von Bismarck, Jonas and Buscaglione, Fabio and Lecrenier, O and McGoldrick, Phil},
  booktitle={EPJ Web of Conferences},
  volume={176},
  pages={04007},
  year={2018},
  organization={EDP Sciences}
}

@article{winker1996,
  title={An overview of LITE: NASA's lidar in-space technology experiment},
  author={Winker, David M and Couch, Richard H and McCormick, MPatrick},
  journal={Proceedings of the IEEE},
  volume={84},
  number={2},
  pages={164--180},
  year={1996},
  publisher={IEEE}
}

@article{abshire2005,
  title={{Geoscience Laser Altimeter System (GLAS) on the ICESat mission: on-orbit measurement performance}},
  author={Abshire, James B and Sun, Xiaoli and Riris, Haris and Sirota, J Marcos and McGarry, Jan F and Palm, Steve and Yi, Donghui and Liiva, Peter},
  journal={Geophysical Research Letters},
  volume={32},
  number={21},
  year={2005},
  publisher={Wiley Online Library},
  doi={10.1029/2005GL024028}
}

@article{morille2007,
  title={{STRAT: An automated algorithm to retrieve the vertical structure of the atmosphere from single-channel lidar data}},
  author={Morille, Yohann and Haeffelin, Martial and Drobinski, Philippe and Pelon, Jacques},
  journal={Journal of Atmospheric and Oceanic Technology},
  volume={24},
  number={5},
  pages={761--775},
  year={2007},
  doi={10.1175/JTECH2008.1}
}

@article{watson2016,
  title={Community Intercomparison Suite (CIS) v1. 4.0: a tool for intercomparing models and observations},
  author={Watson-Parris, Duncan and Schutgens, Nick and Cook, Nicholas and Kipling, Zak and Kershaw, Philip and Gryspeerdt, Edward and Lawrence, Bryan and Stier, Philip},
  journal={Geoscientific Model Development},
  volume={9},
  number={9},
  pages={3093--3110},
  year={2016},
  publisher={European Geosciences Union},
  doi={10.5194/gmd-9-3093-2016}
}

@article{wiscombe1980,
  title={Improved Mie scattering algorithms},
  author={Wiscombe, Warren J},
  journal={Applied optics},
  volume={19},
  number={9},
  pages={1505--1509},
  year={1980},
  publisher={Optical Society of America}
}

@techreport{wiscombe1979,
  title={Mie scattering calculations: Advances in technique and fast, vector-speed computer codes},
  author={Wiscombe, Warren J},
  year={1979},
  institution={National Center for Atmospheric Research Boulder, Colorado}
}

@article{breon2005,
  title={A comparison of cloud droplet radii measured from space},
  author={Br{\'e}on, F-M and Doutriaux-Boucher, Marie},
  journal={IEEE Transactions on Geoscience and Remote Sensing},
  volume={43},
  number={8},
  pages={1796--1805},
  year={2005},
  publisher={IEEE},
  doi={10.1109/TGRS.2005.852838}
}

@article{wiegner2012,
  title={Aerosol profiling with the Jenoptik ceilometer CHM15kx},
  author={Wiegner, M and Gei{\ss}, A},
  journal={Atmos. Meas. Tech},
  volume={5},
  number={8},
  pages={1953--1964},
  year={2012},
  doi={10.5194/amt-5-1953-2012}
}

@article{wiegner2014,
  title={What is the benefit of ceilometers for aerosol remote sensing? An answer from EARLINET},
  author={Wiegner, M and Madonna, F and Binietoglou, I and Forkel, R and Gasteiger, J and Gei{\ss}, A and Pappalardo, G and Sch{\"a}fer, K and Thomas, W},
  journal={Atmospheric Measurement Techniques},
  volume={7},
  number={7},
  pages={1979--1997},
  year={2014},
  publisher={Copernicus GmbH},
  doi={10.5194/amt-7-1979-2014}
}

@article{wiegner2015,
  title={Correction of water vapor absorption for aerosol remote sensing with ceilometers},
  author={Wiegner, M and Gasteiger, J},
  journal={Atmospheric Measurement Techniques},
  number={9},
  pages={3971--3984},
  year={2015},
  publisher={International Society for Photogrammetry and Remote Sensing},
  doi={10.5194/amt-8-3971-2015}
}

@article{wiegner2019,
  author={Wiegner, M. and Mattis, I. and Pattanty\'us-\'Abrah\'am, M. and Bravo-Aranda, J. A. and Poltera, Y. and Haefele, A. and Hervo, M. and G\"orsdorf, U. and Leinweber, R. and Gasteiger, J. and Haeffelin, M. and Wagner, F. and Cermak, J. and Kom\'{\i}nkov\'a, K. and Brettle, M. and M\"unkel, C. and P\"onitz, K.},
  title={Aerosol backscatter profiles from ceilometers: validation of water vapor correction in the framework of CeiLinEx2015},
  journal={Atmospheric Measurement Techniques},
  volume={12},
  year={2019},
  number={1},
  pages={471--490},
  doi={10.5194/amt-12-471-2019}
}

@article{spinhirne1993,
  title={Micro pulse lidar},
  author={Spinhirne, James D},
  journal={IEEE Transactions on Geoscience and Remote Sensing},
  volume={31},
  number={1},
  pages={48--55},
  year={1993},
  publisher={IEEE},
}

@article{powers2003,
  title={Real-Time Mesoscale Modeling Over Antarctica: The Antarctic Mesoscale Prediction System},
  author={Powers, Jordan G and Monaghan, Andrew J and Cayette, Arthur M and Bromwich, David H and Kuo, Ying-Hwa and Manning, Kevin W},
  journal={Bulletin of the American Meteorological Society},
  volume={84},
  number={11},
  pages={1533--1546},
  year={2003},
  publisher={American Meteorological Society},
  doi={10.1175/BAMS-84-11-1533}
}

@article{gelaro2017,
  title={The modern-era retrospective analysis for research and applications, version 2 (MERRA-2)},
  author={Gelaro, Ronald and McCarty, Will and Su{\'a}rez, Max J and Todling, Ricardo and Molod, Andrea and Takacs, Lawrence and Randles, Cynthia A and Darmenov, Anton and Bosilovich, Michael G and Reichle, Rolf and others},
  journal={Journal of Climate},
  volume={30},
  number={14},
  pages={5419--5454},
  year={2017},
  doi={10.1175/JCLI-D-16-0758.1}
}

@article{kobayashi2015,
  title={The JRA-55 reanalysis: General specifications and basic characteristics},
  author={Kobayashi, Shinya and Ota, Yukinari and Harada, Yayoi and Ebita, Ayataka and Moriya, Masami and Onoda, Hirokatsu and Onogi, Kazutoshi and Kamahori, Hirotaka and Kobayashi, Chiaki and Endo, Hirokazu and others},
  journal={Journal of the Meteorological Society of Japan. Ser. II},
  volume={93},
  number={1},
  pages={5--48},
  year={2015},
  publisher={Meteorological Society of Japan},
  doi={10.2151/jmsj.2015-001}
}

@article{harada2016,
  title={The JRA-55 Reanalysis: Representation of atmospheric circulation and climate variability},
  author={Harada, Yayoi and Kamahori, Hirotaka and Kobayashi, Chiaki and Endo, Hirokazu and Kobayashi, Shinya and Ota, Yukinari and Onoda, Hirokatsu and Onogi, Kazutoshi and Miyaoka, Kengo and Takahashi, Kiyotoshi},
  journal={Journal of the Meteorological Society of Japan. Ser. II},
  volume={94},
  number={3},
  pages={269--302},
  year={2016},
  publisher={Meteorological Society of Japan},
  doi={10.2151/jmsj.2016-015}
}

@misc{ERA5,
  author={{ECMWF}},
  title={Copernicus Climate Change Service (C3S) (2017): ERA5: Fifth generation of ECMWF atmospheric reanalyses of the global climate},
  howpublished={Copernicus Climate Change Service Climate Data Store (CDS)},
  url={https://cds.climate.copernicus.eu/cdsapp#!/home},
  year={2019},
  month={11},
  doi={10.24381/cds.bd0915c6}
}

@article{williams2009,
  title={The Earth System Grid: Enabling access to multimodel climate simulation data},
  author={Williams, Dean N and Ananthakrishnan, R and Bernholdt, DE and Bharathi, S and Brown, D and Chen, M and Chervenak, AL and Cinquini, Luca and Drach, R and Foster, IT and others},
  journal={Bulletin of the American Meteorological Society},
  volume={90},
  number={2},
  pages={195--206},
  year={2009},
  publisher={American Meteorological Society},
  doi={10.1175/2008BAMS2459.1}
}

@article{rayner2003,
  author={Rayner, N. A. and Parker, D. E. and Horton, E. B. and Folland, C. K. and Alexander, L. V. and Rowell, D. P. and Kent, E. C. and Kaplan, A.},
  title={Global analyses of sea surface temperature, sea ice, and night marine air temperature since the late nineteenth century},
  journal={Journal of Geophysical Research: Atmospheres},
  volume={108},
  number={D14},
  pages={4407},
  doi={10.1029/2002JD002670},
  year={2003}
}

@article{dee2011,
  title={The ERA-Interim reanalysis: Configuration and performance of the data assimilation system},
  author={Dee, Dick P and Uppala, S Mꎬ and Simmons, AJ and Berrisford, Paul and Poli, P and Kobayashi, S and Andrae, U and Balmaseda, MA and Balsamo, G and Bauer, d P and others},
  journal={Quarterly Journal of the royal meteorological society},
  volume={137},
  number={656},
  pages={553--597},
  year={2011},
  publisher={Wiley Online Library},
  doi={10.1002/qj.828}
}

@article{telford2008,
  author={Telford, P. J. and Braesicke, P. and Morgenstern, O. and Pyle, J. A.},
  title={{Technical Note: Description and assessment of a nudged version of the new dynamics Unified Model}},
  journal={Atmospheric Chemistry and Physics},
  volume={8},
  year={2008},
  number={6},
  pages={1701--1712},
  doi={10.5194/acp-8-1701-2008}
}

@article{walters2019,
  author={Walters, D. and Baran, A. J. and Boutle, I. and Brooks, M. and Earnshaw, P. and Edwards, J. and Furtado, K. and Hill, P. and Lock, A. and Manners, J. and Morcrette, C. and Mulcahy, J. and Sanchez, C. and Smith, C. and Stratton, R. and Tennant, W. and Tomassini, L. and Van Weverberg, K. and Vosper, S. and Willett, M. and Browse, J. and Bushell, A. and Carslaw, K. and Dalvi, M. and Essery, R. and Gedney, N. and Hardiman, S. and Johnson, B. and Johnson, C. and Jones, A. and Jones, C. and Mann, G. and Milton, S. and Rumbold, H. and Sellar, A. and Ujiie, M. and Whitall, M. and Williams, K. and Zerroukat, M.},
  title={The Met Office Unified Model Global Atmosphere 7.0/7.1 and JULES Global Land 7.0 configurations},
  journal={Geoscientific Model Development},
  volume={12},
  year={2019},
  number={5},
  pages={1909--1963},
  doi={10.5194/gmd-12-1909-2019}
}

@article{jin2015,
  title={Ceilometer calibration for retrieval of aerosol optical properties},
  author={Jin, Yoshitaka and Kai, Kenji and Kawai, Kei and Nagai, Tomohiro and Sakai, Tetsu and Yamazaki, Akihiro and Uchiyama, Akihiro and Batdorj, Dashdondog and Sugimoto, Nobuo and Nishizawa, Tomoaki},
  journal={Journal of Quantitative Spectroscopy and Radiative Transfer},
  volume={153},
  pages={49--56},
  year={2015},
  publisher={Elsevier},
  doi={10.1016/j.jqsrt.2014.10.009}
}

@article{heese2010,
  author={Heese, B. and Flentje, H. and Althausen, D. and Ansmann, A. and Frey, S.},
  title={Ceilometer lidar comparison: backscatter coefficient retrieval and signal-to-noise ratio determination},
  journal={Atmospheric Measurement Techniques},
  volume={3},
  year={2010},
  number={6},
  pages={1763--1770},
  doi={10.5194/amt-3-1763-2010}
}

@article{hogan2006,
  title={Fast approximate calculation of multiply scattered lidar returns},
  author={Hogan, Robin J},
  journal={Applied Optics},
  volume={45},
  number={23},
  pages={5984--5992},
  year={2006},
  publisher={Optical Society of America},
  doi={10.1364/AO.45.005984}
}

@article{flynn2007,
  title={Novel polarization-sensitive micropulse lidar measurement technique},
  author={Flynn, Connor J and Mendozaa, Albert and Zhengb, Yunhui and Mathurb, Savyasachee},
  journal={Optics express},
  volume={15},
  number={6},
  pages={2785--2790},
  year={2007},
  publisher={Optical Society of America},
  doi={10.1364/OE.15.002785}
}

@article{campbell2002,
  title={Full-time, eye-safe cloud and aerosol lidar observation at atmospheric radiation measurement program sites: Instruments and data processing},
  author={Campbell, James R and Hlavka, Dennis L and Welton, Ellsworth J and Flynn, Connor J and Turner, David D and Spinhirne, James D and Scott III, V Stanley and Hwang, IH},
  journal={Journal of Atmospheric and Oceanic Technology},
  volume={19},
  number={4},
  pages={431--442},
  year={2002},
  doi={10.1175/1520-0426(2002)019<0431:FTESCA>2.0.CO;2}
}

@article{klekociuk2019,
  title={{The state of the atmosphere in the 2016 southern Kerguelen Axis campaign region}},
  author={Klekociuk, Andrew R and French, W John R and Alexander, Simon P and Kuma, Peter and McDonald, Adrian J},
  journal={Deep Sea Research Part II: Topical Studies in Oceanography},
  year={2019},
  publisher={Elsevier},
  doi={10.1016/j.dsr2.2019.02.001},
  issn={0967-0645}
}

@article{illingworth2015b,
  title={{The EarthCARE satellite: The next step forward in global measurements of clouds, aerosols, precipitation, and radiation}},
  author={Illingworth, Anthony J and Barker, HW and Beljaars, A and Ceccaldi, Marie and Chepfer, H and Clerbaux, Nicolas and Cole, J and Delano{\"e}, Julien and Domenech, C and Donovan, David P and others},
  journal={Bulletin of the American Meteorological Society},
  volume={96},
  number={8},
  pages={1311--1332},
  year={2015},
  doi={10.1175/BAMS-D-12-00227.1}
}

@article{reverdy2015,
  title={{An EarthCARE/ATLID simulator to evaluate cloud description in climate models}},
  author={Reverdy, Mathieu and Chepfer, H{\'e}l{\`e}ne and Donovan, D and No{\"e}l, Vincent and C{\'e}sana, Gr{\'e}gory and Hoareau, Christophe and Chiriaco, Marjolaine and Bastin, Sophie},
  journal={Journal of Geophysical Research: Atmospheres},
  volume={120},
  number={21},
  pages={11--090},
  year={2015},
  publisher={Wiley Online Library},
  doi={10.1002/2015JD023919}
}

@article{chepfer2007,
  title={Evaluation of MM5 optically thin clouds over Europe in fall using ICESat lidar spaceborne observations},
  author={Chepfer, H and Chiriaco, Marjolaine and Vautard, R and Spinhirne, J},
  journal={Monthly weather review},
  volume={135},
  number={7},
  pages={2737--2753},
  year={2007},
  doi={10.1175/MWR3413.1}
}

@article{chepfer2008,
  title={Use of CALIPSO lidar observations to evaluate the cloudiness simulated by a climate model},
  author={Chepfer, H{\'e}l{\`e}ne and Bony, Sandrine and Winker, Dave and Chiriaco, Marjolaine and Dufresne, J-L and S{\`e}ze, Genvi{\`e}ve},
  journal={Geophysical Research Letters},
  volume={35},
  number={15},
  year={2008},
  publisher={Wiley Online Library},
  doi={10.1029/2008GL034207}
}

@article{silber2018,
  title={Polar liquid cloud base detection algorithms for high spectral resolution or micropulse lidar data},
  author={Silber, Israel and Verlinde, Johannes and Eloranta, Edwin W and Flynn, Connor J and Flynn, Donna M},
  journal={Journal of Geophysical Research: Atmospheres},
  volume={123},
  number={8},
  pages={4310--4322},
  year={2018},
  publisher={Wiley Online Library},
  doi={10.1029/2017JD027840}
}

@article{costa-suros2013,
  title={Behavior of cloud base height from ceilometer measurements},
  journal={Atmospheric Research},
  volume={127},
  pages={64--76},
  year={2013},
  issn={0169-8095},
  author={M. Costa-Surós and J. Calbó and J.A. González and J. Martin-Vide},
  doi={10.1016/j.atmosres.2013.02.005}
}

@article{marenco1997,
  title={Optical properties of tropospheric aerosols determined by lidar and spectrophotometric measurement (Photochemical Activity and Solar Ultraviolet Radiation campaign)},
  author={Marenco, Franco and Santacesaria, Vincenzo and Bais, Alkiviadis F and Balis, Dimitris and di Sarra, Alcide and Papayannis, Alexandros and Zerefos, Christos},
  journal={Applied Optics},
  volume={36},
  number={27},
  pages={6875--6886},
  year={1997},
  publisher={Optical Society of America},
  doi={10.1364/AO.36.006875}
}

@article{liu2015,
  title={Comparison of cloud base height derived from a ground-based infrared cloud measurement and two ceilometers},
  author={Liu, Lei and Sun, Xue-jin and Liu, Xi-chuan and Gao, Tai-chang and Zhao, Shi-jun},
  journal={Advances in Meteorology},
  volume={2015},
  year={2015},
  publisher={Hindawi},
  doi={10.1155/2015/853861}
}

@article{liu2015a,
  title={Comparison of cloud base height derived from a ground-based infrared cloud measurement and two ceilometers},
  author={Liu, Lei and Sun, Xue-jin and Liu, Xi-chuan and Gao, Tai-chang and Zhao, Shi-jun},
  journal={Advances in Meteorology},
  volume={2015},
  year={2015},
  publisher={Hindawi},
  doi={10.1155/2015/853861}
}

@article{liu2015b,
  title={Cloud-base distribution and cirrus properties based on micropulse lidar measurements at a site in southeastern China},
  author={Liu, Jianjun and Li, Zhanqing and Zheng, Youfei and Cribb, Maureen},
  journal={Advances in Atmospheric Sciences},
  volume={32},
  number={7},
  pages={991--1004},
  year={2015},
  publisher={Springer},
  doi={10.1007/s00376-014-4176-2}
}

@article{lewis2016,
  title={Overview of MPLNET version 3 cloud detection},
  author={Lewis, Jasper R and Campbell, James R and Welton, Ellsworth J and Stewart, Sebastian A and Haftings, Phillip C},
  journal={Journal of Atmospheric and Oceanic Technology},
  volume={33},
  number={10},
  pages={2113--2134},
  year={2016},
  doi={10.1175/JTECH-D-15-0190.1}
}

@misc{cromwell2018,
    title={Lidar Cloud Detection with Fully Convolutional Networks},
    author={Erol Cromwell and Donna Flynn},
    year={2018},
    eprint={1805.00928},
    archivePrefix={arXiv},
    primaryClass={cs.LG},
}

@article{geleyn1979,
  title={An economical analytical method for the computation of the interaction between scattering and line absorption of radiation},
  author={Geleyn, JF and Hollingsworth, A},
  journal={Contributions to Atmospheric Physics},
  volume={52},
  number={1},
  year={1979}
}

@article{klein1999,
  title={{Validation and sensitivities of frontal clouds simulated by the ECMWF model}},
  author={Klein, Stephen A and Jakob, Christian},
  journal={Monthly Weather Review},
  volume={127},
  number={10},
  pages={2514--2531},
  year={1999},
  doi={10.1175/1520-0493(1999)127<2514:VASOFC>2.0.CO;2}
}

@article{webb2001,
  title={{Combining ERBE and ISCCP data to assess clouds in the Hadley Centre, ECMWF and LMD atmospheric climate models}},
  author={Webb, Mi and Senior, C and Bony, S and Morcrette, J-J},
  journal={Climate Dynamics},
  volume={17},
  number={12},
  pages={905--922},
  year={2001},
  publisher={Springer},
  doi={10.1007/s003820100157}
}

@article{bouniol2010,
  title={Using continuous ground-based radar and lidar measurements for evaluating the representation of clouds in four operational models},
  author={Bouniol, Dominique and Protat, Alain and Delano{\"e}, Julien and Pelon, Jacques and Piriou, Jean-Marcel and Bouyssel, Fran{\c{c}}ois and Tompkins, Adrian M and Wilson, Damian R and Morille, Yohann and Haeffelin, Martial and others},
  journal={Journal of Applied Meteorology and Climatology},
  volume={49},
  number={9},
  pages={1971--1991},
  year={2010},
  doi={10.1175/2010JAMC2333.1}
}

@article{hansen2018,
  author={Hansen, A. and Ament, F. and Gr\"utzun, V. and Lammert, A.},
  title={Model evaluation by a cloud classification based on multi-sensor observations},
  journal={Geoscientific Model Development Discussions},
  volume={2018},
  year={2018},
  pages={1--20},
  doi={10.5194/gmd-2018-259}
}

@article{derwalt2011,
  title={{The NumPy array: a structure for efficient numerical computation}},
  author={Van Der Walt, Stefan and Colbert, S Chris and Varoquaux, Gael},
  journal={Computing in Science \& Engineering},
  volume={13},
  number={2},
  pages={22--30},
  year={2011},
  publisher={IEEE Computer Society},
  doi={10.1109/MCSE.2011.37}, 
  issn={1558-366X},
  month={March}
}

@article{scipy2019,
  author={{Virtanen}, Pauli and {Gommers}, Ralf and {Oliphant}, Travis E. and {Haberland}, Matt and {Reddy}, Tyler and {Cournapeau}, David and {Burovski}, Evgeni and {Peterson}, Pearu and {Weckesser}, Warren and {Bright}, Jonathan and {van der Walt}, St{\'e}fan J.  and {Brett}, Matthew and {Wilson}, Joshua and {Jarrod Millman}, K. and {Mayorov}, Nikolay and {Nelson}, Andrew R.~J. and {Jones}, Eric and {Kern}, Robert and {Larson}, Eric and {Carey}, CJ and {Polat}, {\.I}lhan and {Feng}, Yu and {Moore}, Eric W. and {Vand erPlas}, Jake and {Laxalde}, Denis and {Perktold}, Josef and {Cimrman}, Robert and {Henriksen}, Ian and {Quintero}, E.~A. and {Harris}, Charles R and {Archibald}, Anne M. and {Ribeiro}, Ant{\^o}nio H. and {Pedregosa}, Fabian and {van Mulbregt}, Paul and {Contributors}},
  title={{SciPy 1.0--Fundamental Algorithms for Scientific Computing in Python}},
  journal={arXiv e-prints},
  year={2019},
  month={Jul},
  eid={arXiv:1907.10121},
  pages={arXiv:1907.10121},
  eprint={1907.10121},
}

@article{hunter2007,
  title={{Matplotlib: A 2D graphics environment}},
  author={Hunter, John D},
  journal={Computing in science \& engineering},
  volume={9},
  number={3},
  pages={90},
  year={2007},
  publisher={IEEE Computer Society},
  doi={10.1109/MCSE.2007.55}
}

@article{rew1990,
  title={{NetCDF: an interface for scientific data access}},
  author={Rew, Russ and Davis, Glenn},
  journal={IEEE computer graphics and applications},
  volume={10},
  number={4},
  pages={76--82},
  year={1990},
  publisher={IEEE},
  doi={10.1109/38.56302}
}

@manual{rossum1995,
  title={Python reference manual},
  author={Rossum, Guido},
  year={1995},
  publisher={CWI (Centre for Mathematics and Computer Science)}
}

@manual{r2017,
  title={{R: A Language and Environment for Statistical Computing}},
  author={{R Core Team}},
  organization={R Foundation for Statistical Computing},
  address={Vienna, Austria},
  year={2017},
  url={https://www.R-project.org/},
}

@article{werner2001,
  title={{Shuttle radar topography mission (SRTM) mission overview}},
  author={Werner, Marian},
  journal={Frequenz},
  volume={55},
  number={3--4},
  pages={75--79},
  year={2001},
  publisher={De Gruyter},
  doi={10.1515/FREQ.2001.55.3-4.75}
}

@mastersthesis{torvalds1997,
  author={Torvalds, Linus}, 
  title={Linux: a portable operating system},
  school={University of Helsinki},
  year={1997}
}

@article{nam2012,
  title={The ‘too few, too bright’tropical low-cloud problem in CMIP5 models},
  author={Nam, Christine and Bony, Sandrine and Dufresne, J-L and Chepfer, H},
  journal={Geophysical Research Letters},
  volume={39},
  number={21},
  year={2012},
  publisher={Wiley Online Library},
  doi={10.1029/2012GL053421}
}

@article{klein2013,
  title={Are climate model simulations of clouds improving? An evaluation using the ISCCP simulator},
  author={Klein, Stephen A and Zhang, Yuying and Zelinka, Mark D and Pincus, Robert and Boyle, James and Gleckler, Peter J},
  journal={Journal of Geophysical Research: Atmospheres},
  volume={118},
  number={3},
  pages={1329--1342},
  year={2013},
  publisher={Wiley Online Library},
  doi={10.1002/jgrd.50141}
}

@article{wall2017,
  title={Instantaneous linkages between clouds and large-scale meteorology over the Southern Ocean in observations and a climate model},
  author={Wall, Casey J and Hartmann, Dennis L and Ma, Po-Lun},
  journal={Journal of Climate},
  volume={30},
  number={23},
  pages={9455--9474},
  year={2017},
  doi={10.1175/JCLI-D-17-0156.1}
}

@book{goody1995,
  title={Atmospheric radiation: theoretical basis},
  author={Goody, Richard M and Yung, Yuk Ling},
  year={1995},
  publisher={Oxford University Press},
  isbn={978-0195102918},
  edition={2}
}

@book{liou2002,
  title={An introduction to atmospheric radiation},
  author={Liou, Kuo-Nan},
  volume={84},
  year={2002},
  publisher={Elsevier},
  isbn={978-0124514515},
  edition={2}
}

@book{zdunkowski2007,
  title={Radiation in the atmosphere: a course in theoretical meteorology},
  author={Zdunkowski, Wilford and Trautmann, Thomas and Bott, Andreas},
  year={2007},
  publisher={Cambridge University Press},
  isbn={978-0521871075}
}

@book{petty2006,
  title={A First Course in Atmospheric Radiation},
  author={Petty, Grant W},
  year={2006},
  publisher={Sundog Publishing},
  isbn={978-0972903318},
  edition={2}
}

@article{welton2000,
  title={Ground-based lidar measurements of aerosols during ACE-2: Instrument description, results, and comparisons with other ground-based and airborne measurements},
  author={Welton, Ellsworth J and Voss, Kenneth J and Gordon, Howard R and Maring, Hal and Smirnov, Alexander and Holben, Brent and Schmid, Beat and Livingston, John M and Russell, Philip B and Durkee, Philip A and others},
  journal={Tellus B},
  volume={52},
  number={2},
  pages={636--651},
  year={2000},
  publisher={Wiley Online Library},
  doi={10.1034/j.1600-0889.2000.00025.x}
}

@article{welton2002,
  title={Measurements of aerosol vertical profiles and optical properties during INDOEX 1999 using micropulse lidars},
  author={Welton, Ellsworth J and Voss, Kenneth J and Quinn, Patricia K and Flatau, Piotr J and Markowicz, Krzysztof and Campbell, James R and Spinhirne, James D and Gordon, Howard R and Johnson, James E},
  journal={Journal of Geophysical Research: Atmospheres},
  volume={107},
  number={D19},
  pages={INX2--18},
  year={2002},
  publisher={Wiley Online Library},
  doi={10.1029/2000JD000038}
}

@article{dionisi2018,
  title={A multiwavelength numerical model in support of quantitative retrievals of aerosol properties from automated lidar ceilometers and test applications for AOT and PM 10 estimation},
  author={Dionisi, Davide and Barnaba, Francesca and Di{\'e}moz, Henri and Di Liberto, Luca and Gobbi, Gian Paolo},
  journal={Atmospheric Measurement Techniques},
  volume={11},
  number={11},
  pages={6013},
  year={2018},
  publisher={Copernicus GmbH},
  doi={10.5194/amt-11-6013-2018}
}

@article{eresmaa2006,
  title={Mixing height determination by ceilometer},
  author={Eresmaa, N and Karppinen, A and Joffre, SM and R{\"a}s{\"a}nen, J and Talvitie, H},
  journal={Atmospheric Chemistry and Physics},
  volume={6},
  number={6},
  pages={1485--1493},
  year={2006},
  publisher={Copernicus GmbH},
  doi={10.5194/acp-6-1485-2006}
}

@article{milroy2012,
  title={An assessment of pseudo-operational ground-based light detection and ranging sensors to determine the boundary-layer structure in the coastal atmosphere},
  author={Milroy, Conor and Martucci, Giovanni and Lolli, Simone and Loaec, Sophie and Sauvage, Laurent and Xueref-Remy, Irene and Lavri{\v{c}}, Jo{\v{s}}t V and Ciais, Philippe and Feist, Dietrich G and Biavati, Gionata and others},
  journal={Advances in Meteorology},
  volume={2012},
  year={2012},
  publisher={Hindawi},
  doi={10.1155/2012/929080}
}

@article{munkel2007,
  title={Retrieval of mixing height and dust concentration with lidar ceilometer},
  author={M{\"u}nkel, Christoph and Eresmaa, Noora and R{\"a}s{\"a}nen, Janne and Karppinen, Ari},
  journal={Boundary-layer meteorology},
  volume={124},
  number={1},
  pages={117--128},
  year={2007},
  publisher={Springer},
  doi={10.1007/s10546-006-9103-3}
}

@article{emeis2009,
  title={Observation of the structure of the urban boundary layer with different ceilometers and validation by RASS data},
  author={Emeis, Stefan and Sch{\"a}fer, Klaus and M{\"u}nkel, Christoph},
  journal={Meteorologische Zeitschrift},
  volume={18},
  number={2},
  pages={149--154},
  year={2009},
  publisher={E. Schweizerbart'sche Verlagsbuchhandlung},
  doi={10.1127/0941-2948/2009/0365}
}

@article{tsaknakis2011,
  title={Inter-comparison of lidar and ceilometer retrievals for aerosol and Planetary Boundary Layer profiling over Athens, Greece},
  author={Tsaknakis, Georgios and Papayannis, A and Kokkalis, P and Amiridis, V and Kambezidis, HD and Mamouri, RE and Georgoussis, G and Avdikos, G},
  journal={Atmospheric Measurement Techniques},
  volume={4},
  number={6},
  pages={1261--1273},
  year={2011},
  publisher={Copernicus GmbH},
  doi={10.5194/amt-4-1261-2011}
}

@article{knepp2017,
  title={Assessment of mixed-layer height estimation from single-wavelength ceilometer profiles},
  author={Knepp, T. N. and Szykman, J. J. and Long, R. and Duvall, R. M. and Krug, J. and Beaver, M. and Cavender, K. and Kronmiller, K. and Wheeler, M. and Delgado, R. and Hoff, R. and Berkoff, T. and Olson, E. and Clark, R. and Wolfe, D. and Van Gilst, D. and Neil, D.},
  journal={Atmospheric Measurement Techniques},
  volume={10},
  pages={3963--3983},
  year={2017},
  publisher={Copernicus GmbH},
  doi={10.5194/amt-10-3963-2017}
}

@article{hines2008,
  title={Development and testing of Polar Weather Research and Forecasting (WRF) model. Part I: Greenland ice sheet meteorology},
  author={Hines, Keith M and Bromwich, David H},
  journal={Monthly Weather Review},
  volume={136},
  number={6},
  pages={1971--1989},
  year={2008},
  doi={10.1175/2007MWR2112.1}
}

@article{pal1992,
  title={Automated method for lidar determination of cloud-base height and vertical extent},
  author={Pal, Shiv R and Steinbrecht, Wolfgang and Carswell, Allan I},
  journal={Applied optics},
  volume={31},
  number={10},
  pages={1488--1494},
  year={1992},
  publisher={Optical Society of America},
  doi={10.1364/AO.31.001488}
}

@article{wang2001,
  title={Cloud type and macrophysical property retrieval using multiple remote sensors},
  author={Wang, Zhien and Sassen, Kenneth},
  journal={Journal of Applied Meteorology},
  volume={40},
  number={10},
  pages={1665--1682},
  year={2001},
  doi={10.1175/1520-0450(2001)040<1665:CTAMPR>2.0.CO;2}
}

@article{stokes1994,
  title={The Atmospheric Radiation Measurement (ARM) Program: Programmatic background and design of the cloud and radiation test bed},
  author={Stokes, Gerald M and Schwartz, Stephen E},
  journal={Bulletin of the American Meteorological Society},
  volume={75},
  number={7},
  pages={1201--1222},
  year={1994},
  publisher={American Meteorological Society},
  doi={10.1175/1520-0477(1994)075<1201:TARMPP>2.0.CO;2}
}

@article{astropy2018,
   title={The Astropy Project: Building an Open-science Project and Status of the v2.0 Core Package},
   volume={156},
   ISSN={1538-3881},
   DOI={10.3847/1538-3881/aabc4f},
   number={3},
   journal={The Astronomical Journal},
   publisher={American Astronomical Society},
   author={Price-Whelan, A. M. and Sipőcz, B. M. and Günther, H. M. and Lim, P. L. and Crawford, S. M. and Conseil, S. and Shupe, D. L. and Craig, M. W. and Dencheva, N. and et al.},
   year={2018},
   month={Aug},
   pages={123}
}

@article{williams2016,
  issn={01115499},
  author={J. Williams and O. Morgenstern and V. Varma and E. Behrens and W. Hayek and H. Oliver and S. Dean and B. Mullan and D. Frame},
  journal={Weather and Climate},
  pages={25--44},
  publisher={Meteorological Society of New Zealand},
  title={Development of the New Zealand Earth System Model: NZESM},
  volume={36},
  year={2016},
  doi={10.2307/26779386}
}

@article{ebita2011,
  title={The Japanese 55-year reanalysis “JRA-55”: an interim report},
  author={Ebita, Ayataka and Kobayashi, Shinya and Ota, Yukinari and Moriya, Masami and Kumabe, Ryoji and Onogi, Kazutoshi and Harada, Yayoi and Yasui, Soichiro and Miyaoka, Kengo and Takahashi, Kiyotoshi and others},
  journal={Sola},
  volume={7},
  pages={149--152},
  year={2011},
  publisher={Meteorological Society of Japan},
  doi={10.2151/jmsj.2016-015}
}

@article{stephens2002,
  title={The CloudSat mission and the A-Train: A new dimension of space-based observations of clouds and precipitation},
  author={Stephens, Graeme L and Vane, Deborah G and Boain, Ronald J and Mace, Gerald G and Sassen, Kenneth and Wang, Zhien and Illingworth, Anthony J and O'Connor, Ewan J and Rossow, William B and Durden, Stephen L and others},
  journal={Bulletin of the American Meteorological Society},
  volume={83},
  number={12},
  pages={1771--1790},
  year={2002},
  publisher={American Meteorological Society},
  doi={10.1175/BAMS-83-12-1771}
}

@article{winker2009,
  title={Overview of the CALIPSO mission and CALIOP data processing algorithms},
  author={Winker, David M and Vaughan, Mark A and Omar, Ali and Hu, Yongxiang and Powell, Kathleen A and Liu, Zhaoyan and Hunt, William H and Young, Stuart A},
  journal={Journal of Atmospheric and Oceanic Technology},
  volume={26},
  number={11},
  pages={2310--2323},
  year={2009},
  doi={10.1175/2009JTECHA1281.1}
}

@article{illingworth2015,
  title={The EarthCARE satellite: The next step forward in global measurements of clouds, aerosols, precipitation, and radiation},
  author={Illingworth, Anthony J and Barker, HW and Beljaars, A and Ceccaldi, Marie and Chepfer, H and Clerbaux, Nicolas and Cole, J and Delano{\"e}, Julien and Domenech, C and Donovan, David P and others},
  journal={Bulletin of the American Meteorological Society},
  volume={96},
  number={8},
  pages={1311--1332},
  year={2015},
  doi={10.1175/BAMS-D-12-00227.1}
}

@article{rossow1991,
  title={ISCCP cloud data products},
  author={Rossow, William B and Schiffer, Robert A},
  journal={Bulletin of the American Meteorological Society},
  year={1991},
  publisher={American Meteorological Society},
  doi={10.1175/1520-0477(1991)072<0002:ICDP>2.0.CO;2}
}

@article{parkinson2003,
  title={Aqua: An Earth-observing satellite mission to examine water and other climate variables},
  author={Parkinson, Claire L},
  journal={IEEE Transactions on Geoscience and Remote Sensing},
  volume={41},
  number={2},
  pages={173--183},
  year={2003},
  publisher={IEEE},
  doi={10.1109/TGRS.2002.808319}
}

@article{diner1998,
  title={Multi-angle Imaging SpectroRadiometer (MISR) instrument description and experiment overview},
  author={Diner, David J and Beckert, Jewel C and Reilly, Terrence H and Bruegge, Carol J and Conel, James E and Kahn, Ralph A and Martonchik, John V and Ackerman, Thomas P and Davies, Roger and Gerstl, Siegfried AW and others},
  journal={IEEE Transactions on Geoscience and Remote Sensing},
  volume={36},
  number={4},
  pages={1072--1087},
  year={1998},
  publisher={IEEE},
  doi={10.1109/36.700992}
}

@article{mie1908,
  title={Beitr{\"a}ge zur Optik tr{\"u}ber Medien, speziell kolloidaler Metall{\"o}sungen},
  author={Mie, Gustav},
  journal={Annalen der physik},
  volume={330},
  number={3},
  pages={377--445},
  year={1908},
  publisher={Wiley Online Library},
  doi={10.1002/andp.19083300302}
}
