@article{stephens2002,
  title={The CloudSat mission and the A-Train: A new dimension of space-based observations of clouds and precipitation},
  author={Stephens, Graeme L and Vane, Deborah G and Boain, Ronald J and Mace, Gerald G and Sassen, Kenneth and Wang, Zhien and Illingworth, Anthony J and O'connor, Ewan J and Rossow, William B and Durden, Stephen L and others},
  journal={Bulletin of the American Meteorological Society},
  volume={83},
  number={12},
  pages={1771--1790},
  year={2002},
  publisher={American Meteorological Society},
  doi={10.1175/BAMS-83-12-1771}
}

@inproceedings{winker2003,
  title={CALIPSO mission: spaceborne lidar for observation of aerosols and clouds},
  author={Winker, David M and Pelon, Jacques R and McCormick, M Patrick},
  booktitle={Lidar Remote Sensing for Industry and Environment Monitoring III},
  volume={4893},
  pages={1--11},
  year={2003},
  organization={International Society for Optics and Photonics},
  doi={10.1117/12.466539}
}

@article{morcrette2010,
  title={Analysis of prognostic cloud scheme increments in a climate model},
  author={Morcrette, Cyril J and Petch, Jon C},
  journal={Quarterly Journal of the Royal Meteorological Society},
  volume={136},
  number={653},
  pages={2061--2073},
  year={2010},
  publisher={Wiley Online Library},
  doi={10.1002/qj.720}
}

@article{kuma2019,
  author={Kuma, P and McDonald, AJ and Morgenstern, O and Alexander, SP and Cassano, JJ and Garrett, S and Halla, J and Hartery, S and Harvey, MJ and Parsons, S and Plank, G and Varma, V and Williams, J},
  title={Evaluation of Southern Ocean cloud in the HadGEM3 general circulation model and MERRA-2 reanalysis using ship-based observations},
  journale={Atmospheric Chemistry and Physics Discussions},
  volume={2019},
  year={2019},
  pages={1--37},
  doi={10.5194/acp-2019-201}
}

@article{kuma2020,
  author={Kuma, P and McDonald, AJ and Morgenstern, O and Querel, R and Silber, I and Flynn, CJ},
  title={Ground-based lidar simulator framework for comparing models and observations},
  year={2020},
  note={Submitted to Geoscientific Model Development.}
}

@article{wilson2008a,
  title={PC2: A prognostic cloud fraction and condensation scheme. I: Scheme description},
  author={Wilson, Damian R and Bushell, Andrew C and Kerr-Munslow, Amanda M and Price, Jeremy D and Morcrette, Cyril J},
  journal={Quarterly Journal of the Royal Meteorological Society},
  volume={134},
  number={637},
  pages={2093--2107},
  year={2008},
  publisher={Wiley Online Library},
  doi={10.1002/qj.333}
}

@article{wilson2008b,
  title={PC2: A prognostic cloud fraction and condensation scheme. II: Climate model simulations},
  author={Wilson, Damian R and Bushell, Andrew C and Kerr-Munslow, Amanda M and Price, Jeremy D and Morcrette, Cyril J and Bodas-Salcedo, Alejandro},
  journal={Quarterly Journal of the Royal Meteorological Society: A journal of the atmospheric sciences, applied meteorology and physical oceanography},
  volume={134},
  number={637},
  pages={2109--2125},
  year={2008},
  publisher={Wiley Online Library},
  doi={10.1002/qj.332}
}

@article{smith1990,
  title={A scheme for predicting layer clouds and their water content in a general circulation model},
  author={Smith, RNB},
  journal={Quarterly Journal of the Royal Meteorological Society},
  volume={116},
  number={492},
  pages={435--460},
  year={1990},
  publisher={Wiley Online Library},
  doi={10.1002/qj.49711649210}
}

@phdthesis{jakob2000,
  title={The representation of cloud cover in atmospheric general circulation models},
  author={Christian Jakob},
  year={2000},
  school={Fakultät für Physik der Ludwig-Maximilians-Universität München},
  month={10}
}

@article{sundqvist1978,
  title={A parameterization scheme for non-convective condensation including prediction of cloud water content},
  author={Sundqvist, Hilding},
  journal={Quarterly Journal of the Royal Meteorological Society},
  volume={104},
  number={441},
  pages={677--690},
  year={1978},
  publisher={Wiley Online Library},
  doi={10.1002/qj.49710444110}
}

@article{sundqvist1989,
  author={Sundqvist, Hilding and Berge, Erik and Kristjánsson, Jón Egill},
  title={Condensation and Cloud Parameterization Studies with a Mesoscale Numerical Weather Prediction Model},
  journal={Monthly Weather Review},
  volume={117},
  number={8},
  pages={1641-1657},
  year={1989},
  doi={10.1175/1520-0493(1989)117<1641:CACPSW>2.0.CO;2}
}

@article{kawai2019,
AUTHOR={Kawai, H. and Yukimoto, S. and Koshiro, T. and Oshima, N. and Tanaka, T. and Yoshimura, H. and Nagasawa, R.},
TITLE={Significant improvement of cloud representation in the global climate model MRI-ESM2},
JOURNAL={Geoscientific Model Development},
VOLUME={12},
YEAR={2019},
NUMBER={7},
PAGES={2875--2897},
DOI={10.5194/gmd-12-2875-2019}
}

@article{tiedtke1993,
author = {Tiedtke, M.},
title = {Representation of Clouds in Large-Scale Models},
journal = {Monthly Weather Review},
volume = {121},
number = {11},
pages = {3040-3061},
year = {1993},
doi = {10.1175/1520-0493(1993)121<3040:ROCILS>2.0.CO;2},
}

@article{bodas-salcedo2011,
  title={COSP: Satellite simulation software for model assessment},
  author={Bodas-Salcedo, Alejandro and Webb, MJ and Bony, S and Chepfer, H and Dufresne, J-L and Klein, SA and Zhang, Y and Marchand, R and Haynes, JM and Pincus, R and others},
  journal={Bulletin of the American Meteorological Society},
  volume={92},
  number={8},
  pages={1023--1043},
  year={2011},
  publisher={American Meteorological Society},
  doi={10.1175/2011BAMS2856.1}
}

@article{gregory1990,
  title={A mass flux convection scheme with representation of cloud ensemble characteristics and stability-dependent closure},
  author={Gregory, D and Rowntree, PR},
  journal={Monthly Weather Review},
  volume={118},
  number={7},
  pages={1483--1506},
  year={1990},
  doi={10.1175/1520-0493(1990)118<1483:AMFCSW>2.0.CO;2}
}

@article{davidson1968,
  title={The Barbados oceanographic and meteorological experiment},
  author={Davidson, Ben},
  journal={Bulletin of the American Meteorological Society},
  volume={49},
  number={9},
  pages={928--935},
  year={1968},
  publisher={American Meteorological Society}
}

@article{smith1995,
  title={Observations of the turbulent fluxes in fields of cumulus clouds},
  author={Smith, Samantha A and Jonas, Peter R},
  journal={Quarterly Journal of the Royal Meteorological Society},
  volume={121},
  number={526},
  pages={1185--1208},
  year={1995},
  publisher={Wiley Online Library},
  doi={10.1002/qj.49712152602}
}

@article{grant1999,
  title={A similarity hypothesis for shallow-cumulus transports},
  author={Grant, ALM and Brown, AR},
  journal={Quarterly Journal of the Royal Meteorological Society},
  volume={125},
  number={558},
  pages={1913--1936},
  year={1999},
  publisher={Wiley Online Library},
  doi={10.1002/qj.49712555802}
}

@article{grant2001,
  title={Cloud-base fluxes in the cumulus-capped boundary layer},
  author={Grant, ALM},
  journal={Quarterly Journal of the Royal Meteorological Society},
  volume={127},
  number={572},
  pages={407--421},
  year={2001},
  publisher={Wiley Online Library},
  doi={10.1002/qj.49712757209}
}

@article{lock2000,
  title={A new boundary layer mixing scheme. Part I: Scheme description and single-column model tests},
  author={Lock, AP and Brown, AR and Bush, MR and Martin, GM and Smith, RNB},
  journal={Monthly weather review},
  volume={128},
  number={9},
  pages={3187--3199},
  year={2000},
  doi={10.1175/1520-0493(2000)128<3187:ANBLMS>2.0.CO;2}
}

@article{martin2000,
  title={A new boundary layer mixing scheme. Part II: Tests in climate and mesoscale models},
  author={Martin, GM and Bush, MR and Brown, AR and Lock, AP and Smith, RNB},
  journal={Monthly weather review},
  volume={128},
  number={9},
  pages={3200--3217},
  year={2000},
  doi={10.1175/1520-0493(2000)128<3200:ANBLMS>2.0.CO;2}
}

@article{williams2016,
  issn={01115499},
  author={Williams, J and Morgenstern, O and Varma, V and Behrens, E and Hayek, W and Oliver, H and Dean, S and Mullan, B and Frame, D},
  journal={Weather and Climate},
  pages={25--44},
  publisher={Meteorological Society of New Zealand},
  title={Development of the New Zealand Earth System Model: NZESM},
  volume={36},
  year={2016},
  doi={10.2307/26779386}
}

@article{hartery2020,
  title={Constraining the Surface Flux of Sea Spray Particles from the Southern Ocean},
  author={Hartery, S and Toohey, D and Revell, L and Sellegri, K and Kuma, P and Harvey, M and McDonald, AJ},
  journal={Journal of Geophysical Research: Atmospheres},
  pages={e2019JD032026},
  year={2020},
  publisher={Wiley Online Library},
  doi={doi.org/10.1029/2019JD032026}
}

@article{best2011,
  title={The Joint UK Land Environment Simulator (JULES), model description--Part 1: energy and water fluxes},
  author={Best, MJ and Pryor, M and Clark, DB and Rooney, GG and Essery, RLH and M{\'e}nard, CB and Edwards, JM and Hendry, MA and Porson, A and Gedney, N and others},
  journal={Geoscientific Model Development},
  volume={4},
  number={1},
  pages={677--699},
  year={2011},
  publisher={Copernicus for European Geosciences Union},
  doi={10.5194/gmd-4-677-2011}
}

@article{clark2011,
  title={The Joint UK Land Environment Simulator (JULES), model description—Part 2: carbon fluxes and vegetation dynamics},
  author={Clark, DB and Mercado, LM and Sitch, S and Jones, CD and Gedney, N and Best, MJ and Pryor, M and Rooney, GG and Essery, RLH and Blyth, E and others},
  journal={Geoscientific Model Development},
  volume={4},
  number={3},
  pages={701--722},
  year={2011},
  doi={10.5194/gmd-4-701-2011}
}

@article{loveridge2019,
  title={Cloud Heterogeneity in the Marine Midlatitudes: Dependence on Large-Scale Meteorology and Implications for General Circulation Models},
  author={Loveridge, Jesse and Davies, Roger},
  journal={Journal of Geophysical Research: Atmospheres},
  volume={124},
  number={6},
  pages={3448--3463},
  year={2019},
  publisher={Wiley Online Library},
  doi={10.1029/2018JD029826}
}

@article{schuddeboom2019,
  title={Cluster-Based Evaluation of Model Compensating Errors: A Case Study of Cloud Radiative Effect in the Southern Ocean},
  author={Schuddeboom, Alex and Varma, Vidya and McDonald, Adrian J and Morgenstern, Olaf and Harvey, Mike and Parsons, Simon and Field, Paul and Furtado, Kalli},
  journal={Geophysical Research Letters},
  volume={46},
  number={6},
  pages={3446--3453},
  year={2019},
  publisher={Wiley Online Library},
  doi={10.1029/2018GL081686}
}

@article{walters2019,
  title={The Met Office Unified Model global atmosphere 7.0/7.1 and JULES global land 7.0 configurations},
  author={Walters, David and Baran, Anthony J and Boutle, Ian and Brooks, Malcolm and Earnshaw, Paul and Edwards, John and Furtado, Kalli and Hill, Peter and Lock, Adrian and Manners, James and others},
  journal={Geoscientific Model Development},
  volume={12},
  number={5},
  pages={1909--1963},
  year={2019},
  publisher={EGU},
  doi={10.5194/gmd-12-1909-2019}
}

@article{vignesh2020,
  title={Assessment of CMIP6 Cloud Fraction and Comparison with Satellite Observations},
  author={Vignesh, P Preetham and Jiang, Jonathan H and Kishore, P and Su, Hui and Smay, Timothy and Brighton, Nicholas and Velicogna, Isabella},
  journal={Earth and Space Science},
  volume={7},
  number={2},
  pages={e2019EA000975},
  year={2020},
  publisher={Wiley Online Library},
  doi={10.1029/2019EA000975}
}

@article{li2013,
  title={Characterizing and understanding radiation budget biases in CMIP3/CMIP5 GCMs, contemporary GCM, and reanalysis},
  author={Li, J-LF and Waliser, DE and Stephens, G and Lee, Seungwon and L'Ecuyer, T and Kato, Seiji and Loeb, Norman and Ma, Hsi-Yen},
  journal={Journal of Geophysical Research: Atmospheres},
  volume={118},
  number={15},
  pages={8166--8184},
  year={2013},
  publisher={Wiley Online Library},
  doi={10.1002/jgrd.50378}
}

@article{guichard2017,
  title={A short review of numerical cloud-resolving models},
  author={Guichard, Fran{\c{c}}oise and Couvreux, Fleur},
  journal={Tellus A: Dynamic Meteorology and Oceanography},
  volume={69},
  number={1},
  pages={1373578},
  year={2017},
  publisher={Taylor \& Francis},
  doi={10.1080/16000870.2017.1373578}
}

@article{satoh2019,
  title={Global cloud-resolving models},
  author={Satoh, Masaki and Stevens, Bjorn and Judt, Falko and Khairoutdinov, Marat and Lin, Shian-Jiann and Putman, William M and D{\"u}ben, Peter},
  journal={Current Climate Change Reports},
  volume={5},
  number={3},
  pages={172--184},
  year={2019},
  publisher={Springer},
  doi={10.1007/s40641-019-00131-0}
}

@article{rossow1991,
  title={ISCCP cloud data products},
  author={Rossow, William B and Schiffer, Robert A},
  journal={Bulletin of the American Meteorological Society},
  year={1991},
  publisher={American Meteorological Society},
  doi={10.1175/1520-0477(1991)072<0002:ICDP>2.0.CO;2}
}

@article{hourdin2017,
  title={The art and science of climate model tuning},
  author={Hourdin, Frederic and Mauritsen, Thorsten and Gettelman, Andrew and Golaz, Jean-Christophe and Balaji, Venkatramani and Duan, Qingyun and Folini, Doris and Ji, Duoying and Klocke, Daniel and Qian, Yun and others},
  journal={Bulletin of the American Meteorological Society},
  volume={98},
  number={3},
  pages={589--602},
  year={2017},
  doi={10.1175/BAMS-D-15-00135.1}
}

@article{rayner2003,
  title={The global sea-ice and sea surface temperature (HadISST) data sets},
  author={Rayner, N and Parker, DE and Folland, CK and Horton, EB and Alexander, LV and Rowell, DP},
  journal={J. Geophys. Res},
  year={2003}
}

@article{dee2011,
  title={The ERA-Interim reanalysis: Configuration and performance of the data assimilation system},
  author={Dee, Dick P and Uppala, S Mꎬ and Simmons, AJ and Berrisford, Paul and Poli, P and Kobayashi, S and Andrae, U and Balmaseda, MA and Balsamo, G and Bauer, d P and others},
  journal={Quarterly Journal of the royal meteorological society},
  volume={137},
  number={656},
  pages={553--597},
  year={2011},
  publisher={Wiley Online Library},
  doi={10.1002/qj.828}
}

@book{wallace2006,
  title={Atmospheric science: an introductory survey},
  author={Wallace, John M and Hobbs, Peter V},
  volume={92},
  year={2006},
  publisher={Elsevier},
  isbn={0080499538}
}

@manual{umdp030,
  title={Unified Model Documentation Paper 030: The PC2 Cloud Scheme},
  author={Wilson, D and Bushell, A and Morcrette, C},
  year={2015},
  organization={UK Met Office}
}

@manual{umdp024,
  title={Unified Model Documentation Paper 024: The Parametrization of Boundary Layer Processes},
  author={Lock, A and Edwards, J and Boutle, I},
  year={2019},
  organization={UK Met Office}
}

@article{fairall2003,
  title={Bulk parameterization of air--sea fluxes: Updates and verification for the COARE algorithm},
  author={Fairall, CW and Bradley, Edward F and Hare, JE and Grachev, AA and Edson, JB},
  journal={Journal of climate},
  volume={16},
  number={4},
  pages={571--591},
  year={2003},
  doi={10.1175/1520-0442(2003)016<0571:BPOASF>2.0.CO;2}
}

@article{gregory2002,
  title={Insights into cloud parametrization provided by a prognostic approach},
  author={Gregory, David and Wilson, Damian and Bushell, Andrew},
  journal={Quarterly Journal of the Royal Meteorological Society},
  volume={128},
  number={583},
  pages={1485--1504},
  year={2002},
  publisher={Wiley Online Library},
  doi={10.1002/qj.200212858305}
}
