@article{williams2017,
  title={A multi-diagnostic approach to cloud evaluation},
  author={Williams, Keith D and Bodas-Salcedo, Alejandro},
  journal={J. Geophys. Res., submitted},
  volume={10},
  year={2017},
  doi={10.5194/gmd-10-2547-2017}
}

@article{mace2009,
  title={A description of hydrometeor layer occurrence statistics derived from the first year of merged Cloudsat and CALIPSO data},
  author={Mace, Gerald G and Zhang, Qiuqing and Vaughan, Mark and Marchand, Roger and Stephens, Graeme and Trepte, Chip and Winker, Dave},
  journal={Journal of Geophysical Research: Atmospheres},
  volume={114},
  number={D8},
  year={2009},
  publisher={Wiley Online Library},
  doi={10.1029/2007JD009755}
}

@article{trenberth2010,
  title={Simulation of present-day and twenty-first-century energy budgets of the southern oceans},
  author={Trenberth, Kevin E and Fasullo, John T},
  journal={Journal of Climate},
  volume={23},
  number={2},
  pages={440--454},
  year={2010},
  doi={10.1175/2009JCLI3152.1}
}

@article{bodas-salcedo2014,
  title={Origins of the solar radiation biases over the Southern Ocean in CFMIP2 models},
  author={Bodas-Salcedo, Alejandro and Williams, Keith D and Ringer, Mark A and Beau, Isabelle and Cole, Jason NS and Dufresne, J-L and Koshiro, Tsuyoshi and Stevens, Bjorn and Wang, Z and Yokohata, T},
  journal={Journal of Climate},
  volume={27},
  number={1},
  pages={41--56},
  year={2014},
  doi={10.1175/JCLI-D-13-00169.1}
}

@article{hwang2013,
  title={Link between the double-Intertropical Convergence Zone problem and cloud biases over the Southern Ocean},
  author={Hwang, Yen-Ting and Frierson, Dargan MW},
  journal={Proceedings of the National Academy of Sciences},
  volume={110},
  number={13},
  pages={4935--4940},
  year={2013},
  publisher={National Acad Sciences},
  doi={10.1073/pnas.1213302110}
}

@article{mason2014,
  title={Characterizing observed midtopped cloud regimes associated with Southern Ocean shortwave radiation biases},
  author={Mason, Shannon and Jakob, Christian and Protat, Alain and Delano{\"e}, Julien},
  journal={Journal of Climate},
  volume={27},
  number={16},
  pages={6189--6203},
  year={2014},
  doi={10.1175/JCLI-D-14-00139.1}
}

@article{walters2017,
  title={The Met Office Unified Model Global Atmosphere 6.0/6.1 and JULES Global Land 6.0/6.1 configurations},
  author={Walters, David and Boutle, Ian and Brooks, Malcolm and Melvin, Thomas and Stratton, Rachel and Vosper, Simon and Wells, Helen and Williams, Keith and Wood, Nigel and Allen, Thomas and others},
  journal={Geoscientific Model Development},
  volume={10},
  number={4},
  year={2017},
  doi={10.5194/gmd-10-1487-2017}
}

@article{wielicki1996,
  title={Clouds and the Earth's Radiant Energy System (CERES): An earth observing system experiment},
  author={Wielicki, Bruce A and Barkstrom, Bruce R and Harrison, Edwin F and Lee III, Robert B and Louis Smith, G and Cooper, John E},
  journal={Bulletin of the American Meteorological Society},
  volume={77},
  number={5},
  pages={853--868},
  year={1996},
  doi={10.1175/1520-0477(1996)077<0853:CATERE>2.0.CO;2}
}

@article{bodas-salcedo2012,
  title={The surface downwelling solar radiation surplus over the Southern Ocean in the Met Office model: The role of midlatitude cyclone clouds},
  author={Bodas-Salcedo, A and Williams, KD and Field, PR and Lock, AP},
  journal={Journal of Climate},
  volume={25},
  number={21},
  pages={7467--7486},
  year={2012},
  doi={10.1175/JCLI-D-11-00702.1}
}

@inproceedings{davies2017,
  title={Observed cloud morphology and inferred microphysics over the South Pacific from MISR and MODIS measurements of shortwave reflectivity},
  author={Davies, Roger and Loveridge, Jesse and Rampal, Neelesh},
  booktitle={AIP Conference Proceedings},
  volume={1810},
  number={1},
  pages={130001},
  year={2017},
  organization={AIP Publishing},
  doi={10.1063/1.4975583}
}

@inproceedings{schuddeboom2017,
  title={Examining the NZESM Cloud representation with Self Organizing Maps},
  author={Schuddeboom, Alex and McDonald, Adrian and Parsons, Simon and Morgenstern, Olaf and Harvey, Mike},
  booktitle={EGU General Assembly Conference Abstracts},
  volume={19},
  pages={11287},
  year={2017}
}

@article{morrison2011,
  title={A three-year climatology of cloud-top phase over the Southern Ocean and North Pacific},
  author={Morrison, Anthony E and Siems, Steven T and Manton, Michael J},
  journal={Journal of Climate},
  volume={24},
  number={9},
  pages={2405--2418},
  year={2011},
  doi={10.1175/2010JCLI3842.1}
}

@article{lawson2014,
  title={Impact of Antarctic mixed-phase clouds on climate},
  author={Lawson, R Paul and Gettelman, Andrew},
  journal={Proceedings of the National Academy of Sciences},
  volume={111},
  number={51},
  pages={18156--18161},
  year={2014},
  publisher={National Acad Sciences},
  doi={10.1073/pnas.1418197111}
}

@article{kay2016,
  title={Global climate impacts of fixing the Southern Ocean shortwave radiation bias in the Community Earth System Model (CESM)},
  author={Kay, Jennifer E and Wall, Casey and Yettella, Vineel and Medeiros, Brian and Hannay, Cecile and Caldwell, Peter and Bitz, Cecilia},
  journal={Journal of Climate},
  volume={29},
  number={12},
  pages={4617--4636},
  year={2016},
  doi={10.1175/JCLI-D-15-0358.1}
}

@article{schiffer1983,
  title={The International Satellite Cloud Climatology Project(ISCCP)- The first project of the World Climate Research Programme},
  author={Schiffer, RA and Rossow, William B},
  journal={American Meteorological Society, Bulletin},
  volume={64},
  pages={779--784},
  year={1983},
  doi={10.1175/1520-0477-64.7.779}
}

@article{meier1997,
  title={Multiparameter AVHRR-derived products for Arctic climate studies},
  author={Meier, Walter N and Maslanik, James A and Fowler, Charles W and Key, Jeffrey R},
  journal={Earth interactions},
  volume={1},
  number={5},
  pages={1--29},
  year={1997},
  doi={10.1175/1087-3562(1997)001<0001:MADPFA>2.3.CO;2}
}

@article{stephens2008,
  title={CloudSat mission: Performance and early science after the first year of operation},
  author={Stephens, Graeme L and Vane, Deborah G and Tanelli, Simone and Im, Eastwood and Durden, Stephen and Rokey, Mark and Reinke, Don and Partain, Philip and Mace, Gerald G and Austin, Richard and others},
  journal={Journal of Geophysical Research: Atmospheres},
  volume={113},
  number={D8},
  year={2008},
  publisher={Wiley Online Library},
  doi={10.1029/2008JD009982}
}

@inproceedings{winker2003,
  title={The CALIPSO mission: Spaceborne lidar foStephens200r observation of aerosols and clouds},
  author={Winker, David M and Pelon, Jacques R and McCormick, M Patrick},
  booktitle={Third International Asia-Pacific Environmental Remote Sensing Remote Sensing of the Atmosphere, Ocean, Environment, and Space},
  pages={1--11},
  year={2003},
  organization={International Society for Optics and Photonics},
  doi={10.1117/12.466539}
}

@article{bromwich2012,
  title={Tropospheric clouds in Antarctica},
  author={Bromwich, David H and Nicolas, Julien P and Hines, Keith M and Kay, Jennifer E and Key, Erica L and Lazzara, Matthew A and Lubin, Dan and McFarquhar, Greg M and Gorodetskaya, Irina V and Grosvenor, Daniel P and others},
  journal={Reviews of Geophysics},
  volume={50},
  number={1},
  year={2012},
  publisher={Wiley Online Library},
  doi={10.1029/2011RG000363}
}

@article{chepfer2010,
  title={The GCM-Oriented CALIPSO Cloud Product (CALIPSO-GOCCP)},
  author={Chepfer, H and Bony, S and Winker, D and Cesana, G and Dufresne, JL and Minnis, P and Stubenrauch, CJ and Zeng, S},
  journal={Journal of Geophysical Research: Atmospheres},
  volume={115},
  number={D4},
  year={2010},
  publisher={Wiley Online Library},
  doi={10.1029/2009JD012251}
}

@article{hagihara2010,
  title={Development of a combined CloudSat-CALIPSO cloud mask to show global cloud distribution},
  author={Hagihara, Yuichiro and Okamoto, Hajime and Yoshida, Ryo},
  journal={Journal of Geophysical Research: Atmospheres},
  volume={115},
  number={D4},
  year={2010},
  publisher={Wiley Online Library},
  doi={10.1029/2009JD012344}
}

@article{martucci2010,
  title={Detection of cloud-base height using Jenoptik CHM15K and Vaisala CL31 ceilometers},
  author={Martucci, Giovanni and Milroy, Conor and O’Dowd, Colin D},
  journal={Journal of Atmospheric and Oceanic Technology},
  volume={27},
  number={2},
  pages={305--318},
  year={2010},
  doi={10.1175/2009JTECHA1326.1}
}

@article{muhlbauer2015,
  title={Evaluation of cloud-resolving model simulations of midlatitude cirrus with ARM and A-train observations},
  author={Muhlbauer, Andreas and Ackerman, TP and Lawson, RP and Xie, S and Zhang, Y},
  journal={Journal of Geophysical Research: Atmospheres},
  volume={120},
  number={13},
  pages={6597--6618},
  year={2015},
  publisher={Wiley Online Library},
  doi={10.1002/2014JD022570}
}

@article{zhang2017,
  title={A comparison of cloud layers from ground and satellite active remote sensing at the Southern Great Plains ARM site},
  author={Zhang, Jinqiang and Xia, Xiang’ao and Chen, Hongbin},
  journal={Advances in Atmospheric Sciences},
  volume={34},
  number={3},
  pages={347--359},
  year={2017},
  publisher={Springer},
  doi={10.1007/s00376-016-6030-1}
}

@article{bodas-salcedo2011,
  title={COSP: Satellite simulation software for model assessment},
  author={Bodas-Salcedo, A and Webb, MJ and Bony, S and Chepfer, H and Dufresne, J-L and Klein, SA and Zhang, Y and Marchand, R and Haynes, JM and Pincus, R and others},
  journal={Bulletin of the American Meteorological Society},
  volume={92},
  number={8},
  pages={1023--1043},
  year={2011},
  publisher={American Meteorological Society},
  doi={10.1175/2011BAMS2856.1}
}

@article{bony2011,
  title={CFMIP: Towards a better evaluation and understanding of clouds and cloud feedbacks in CMIP5 models},
  author={Bony, Sandrine and Webb, Mark and Bretherton, CS and Klein, SA and Siebesma, Pier and Tselioudis, George and Zhang, Minghua},
  journal={Clivar Exchanges},
  volume={56},
  number={2},
  title={Overview of the Coupled Model Intercomparison Project Phase 6 (CMIP6) experimental design and organization},
  author={Eyring, Veronika and Bony, Sandrine and Meehl, Gerald A and Senior, Catherine A and Stevens, Bjorn and Stouffer, Ronald J and Taylor, Karl E},
  journal={Geoscientific Model Development},
  volume={9},
  number={5},
  pages={1937--1958},
  year={2016}
}

@article{taylor2011,
  title={An overview of CMIP5 and the experiment design},
  author={Taylor, Karl E and Stouffer, Ronald J and Meehl, Gerald A},
  journal={Bulletin of the American Meteorological Society},
  volume={93},
  number={4},
  pages={485--498},
  year={2012},
  publisher={American Meteorological Society},
  doi={10.1175/BAMS-D-11-00094.1}
}

@article{haynes2007,
  title={A multipurpose radar simulation package: QuickBeam},
  author={Haynes, JM and Luo, Z and Stephens, GL and Marchand, RT and Bodas-Salcedo, A},
  journal={Bulletin of the American Meteorological Society},
  volume={88},
  number={11},
  pages={1723--1727},
  year={2007},
  doi={10.1175/BAMS-88-11-1723}
}

@article{chepfer2008,
  title={Use of CALIPSO lidar observations to evaluate the cloudiness simulated by a climate model},
  author={Chepfer, H{\'e}lene and Bony, Sandrine and Winker, Dave and Chiriaco, Marjolaine and Dufresne, J-L and S{\`e}ze, Genvi{\`e}ve},
  journal={Geophysical Research Letters},
  volume={35},
  number={15},
  year={2008},
  publisher={Wiley Online Library},
  doi={10.1029/2008GL034207}
}

@article{edwards1996,
  title={Studies with a flexible new radiation code. I: Choosing a configuration for a large-scale model},
  author={Edwards, JM and Slingo, A},
  journal={Quarterly Journal of the Royal Meteorological Society},
  volume={122},
  number={531},
  pages={689--719},
  year={1996},
  publisher={Wiley Online Library},
  doi={10.1002/qj.49712253107}
}

@article{barker1999,
  title={The sensitivity of domain-averaged solar fluxes to assumptions about cloud geometry},
  author={Barker, Howard W and Stephens, Graeme L and Fu, Qiang},
  journal={Quarterly Journal of the Royal Meteorological Society},
  volume={125},
  number={558},
  pages={2127--2152},
  year={1999},
  publisher={Wiley Online Library},
  doi={10.1002/qj.49712555810}
}

@article{raisanen2004,
  title={Stochastic generation of subgrid-scale cloudy columns for large-scale models},
  author={R{\"a}is{\"a}nen, Petri and Barker, Howard W and Khairoutdinov, Marat F and Li, Jiangnan and Randall, David A},
  journal={Quarterly Journal of the Royal Meteorological Society},
  volume={130},
  number={601},
  pages={2047--2067},
  year={2004},
  publisher={Wiley Online Library},
  doi={10.1256/qj.03.99}
}

@article{haynes2011,
  title={Major characteristics of Southern Ocean cloud regimes and their effects on the energy budget},
  author={Haynes, John M and Jakob, Christian and Rossow, William B and Tselioudis, George and Brown, Josephine},
  journal={Journal of Climate},
  volume={24},
  number={19},
  pages={5061--5080},
  year={2011},
  doi={10.1175/2011JCLI4052.1}
}

@misc{edwards2015,
  title={{Unified Model Documentation Paper 023: The Radiation Code}},
  author={Edwards, J. M. and Manners, J. and Thelen, J.-C. and Ingram, W. J. and Hill, P. G.},
  year={2015}
}

@article{klein1999,
  title={Validation and sensitivities of frontal clouds simulated by the ECMWF model},
  author={Klein, Stephen A and Jakob, Christian},
  journal={Monthly weather review},
  volume={127},
  number={10},
  pages={2514--2531},
  year={1999},
  doi={10.1175/1520-0493(1999)127<2514:VASOFC>2.0.CO;2}
}

@article{zelinka2017,
  title={Clearing clouds of uncertainty},
  author={Zelinka, Mark D and Randall, David A and Webb, Mark J and Klein, Stephen A},
  journal={Nature Climate Change},
  volume={7},
  number={10},
  pages={674--678},
  year={2017},
  publisher={Nature Research},
  doi={10.1038/nclimate3402}
}

@article{williams2016,
 ISSN = {01115499},
 author = {J. Williams and O. Morgenstern and V. Varma and E. Behrens and W. Hayek and H. Oliver and S. Dean and B. Mullan and D. Frame},
 journal = {Weather and Climate},
 pages = {25--44},
 publisher = {Meteorological Society of New Zealand},
 title = {Development of the New Zealand Earth System Model: NZESM},
 volume = {36},
 year = {2016},
 doi = {10.2307/26779386}
}

@inproceedings{mcfarquhar2014,
  title={The Southern Ocean Clouds, Radiation, Aerosol Transport Experimental Study (SOCRATES): An Observational Campaign for Determining Role of Clouds, Aerosols and Radiation in Climate System},
  author={McFarquhar, GM and Wood, R and Bretherton, CS and Alexander, S and Jakob, C and Marchand, R and Protat, A and Quinn, P and Siems, ST and Weller, RA},
  booktitle={AGU Fall Meeting Abstracts},
  year={2014}
}

@article{eyring2016,
  title={Overview of the Coupled Model Intercomparison Project Phase 6 (CMIP6) experimental design and organization},
  author={Eyring, Veronika and Bony, Sandrine and Meehl, Gerald A and Senior, Catherine A and Stevens, Bjorn and Stouffer, Ronald J and Taylor, Karl E},
  journal={Geoscientific Model Development},
  volume={9},
  number={5},
  pages={1937--1958},
  year={2016},
  doi={10.5194/gmd-9-1937-2016}
}

@article{meehl2014,
  title={Climate model intercomparisons: preparing for the next phase},
  author={Meehl, Gerald A and Moss, Richard and Taylor, Karl E and Eyring, Veronika and Stouffer, Ronald J and Bony, Sandrine and Stevens, Bjorn},
  journal={Eos, Transactions American Geophysical Union},
  volume={95},
  number={9},
  pages={77--78},
  year={2014},
  publisher={Wiley Online Library},
  doi={10.1002/2014EO090001}
}

@article{hill2011,
  title={Reducing noise associated with the Monte Carlo Independent Column Approximation for weather forecasting models},
  author={Hill, PG and Manners, J and Petch, JC},
  journal={Quarterly Journal of the Royal Meteorological Society},
  volume={137},
  number={654},
  pages={219--228},
  year={2011},
  publisher={Wiley Online Library},
  doi={10.1002/qj.732}
}

@inproceedings{rew2006,
  title={NetCDF-4: Software implementing an enhanced data model for the geosciences},
  author={Rew, R and Hartnett, E and Caron, J and others},
  booktitle={22nd International Conference on Interactive Information Processing Systems for Meteorology, Oceanograph, and Hydrology},
  year={2006}
}

@article{smith1977,
  title={Nimbus-6 earth radiation budget experiment},
  author={Smith, WL and Hickey, J and Howell, Hugh B and Jacobowitz, H and Hilleary, DT and Drummond, AJ},
  journal={Applied optics},
  volume={16},
  number={2},
  pages={306--318},
  year={1977},
  publisher={Optical Society of America},
  doi={10.1364/ao.16.000306}
}

@article{barkstrom1984,
  title={The earth radiation budget experiment (ERBE)},
  author={Barkstrom, Bruce R},
  journal={Bulletin of the American Meteorological Society},
  volume={65},
  number={11},
  pages={1170--1185},
  year={1984},
  doi={10.1002/0471743984.vse2742}
}

@article{wielicki1996,
  title={Clouds and the Earth's Radiant Energy System (CERES): An earth observing system experiment},
  author={Wielicki, Bruce A and Barkstrom, Bruce R and Harrison, Edwin F and Lee III, Robert B and Louis Smith, G and Cooper, John E},
  journal={Bulletin of the American Meteorological Society},
  volume={77},
  number={5},
  pages={853--868},
  year={1996},
  doi={10.1175/1520-0477(1996)077<0853:CATERE>2.0.CO;2}
}

@inproceedings{wiscombe2013,
  title={The next step in Earth radiation budget measurements},
  author={Wiscombe, Warren and Chiu, Christine},
  booktitle={AIP Conference Proceedings},
  volume={1531},
  number={1},
  pages={648--651},
  year={2013},
  organization={AIP},
  doi={10.1063/1.4804853}
}

@article{hourdin2017,
  title={The art and science of climate model tuning},
  author={Hourdin, Frederic and Mauritsen, Thorsten and Gettelman, Andrew and Golaz, Jean-Christophe and Balaji, Venkatramani and Duan, Qingyun and Folini, Doris and Ji, Duoying and Klocke, Daniel and Qian, Yun and others},
  journal={Bulletin of the American Meteorological Society},
  volume={98},
  number={3},
  pages={589--602},
  year={2017},
  doi={10.1175/BAMS-D-15-00135.1}
}

@article{harries2005,
  title={The geostationary earth radiation budget project},
  author={Harries, John E and Russell, JE and Hanafin, JA and Brindley, H and Futyan, J and Rufus, J and Kellock, S and Matthews, G and Wrigley, R and Last, A and others},
  journal={Bulletin of the American Meteorological Society},
  volume={86},
  number={7},
  pages={945--960},
  year={2005},
  doi={10.1175/BAMS-86-7-945}
}

@article{sandford2003,
  title={The geostationary Earth radiation budget (GERB) instrument on EUMETSAT's MSG satellite},
  author={Sandford, MCW and Allan, PM and Caldwell, ME and Delderfield, J and Oliver, MB and Sawyer, E and Harries, JE and Ashmall, J and Brindley, H and Kellock, S and others},
  journal={Acta Astronautica},
  volume={53},
  number={11},
  pages={909--915},
  year={2003},
  publisher={Elsevier},
  doi={10.1016/S0094-5765(02)00209-6}
}

@article{doelling2013,
  title={Geostationary enhanced temporal interpolation for CERES flux products},
  author={Doelling, David R and Loeb, Norman G and Keyes, Dennis F and Nordeen, Michele L and Morstad, Daniel and Nguyen, Cathy and Wielicki, Bruce A and Young, David F and Sun, Moguo},
  journal={Journal of Atmospheric and Oceanic Technology},
  volume={30},
  number={6},
  pages={1072--1090},
  year={2013},
  doi={10.1175/JTECH-D-12-00136.1}
}

@article{stephens2002,
  title={The CloudSat mission and the A-Train: A new dimension of space-based observations of clouds and precipitation},
  author={Stephens, Graeme L and Vane, Deborah G and Boain, Ronald J and Mace, Gerald G and Sassen, Kenneth and Wang, Zhien and Illingworth, Anthony J and O'Connor, Ewan J and Rossow, William B and Durden, Stephen L and others},
  journal={Bulletin of the American Meteorological Society},
  volume={83},
  number={12},
  pages={1771--1790},
  year={2002},
  doi={10.1175/bams-83-12-1771}
}

@incollection{gentemann2010,
  title={Passive microwave remote sensing of the ocean: An overview},
  author={Gentemann, Chelle L and Wentz, Frank J and Brewer, Marty and Hilburn, Kyle and Smith, Deborah},
  booktitle={Oceanography from Space},
  pages={13--33},
  year={2010},
  publisher={Springer},
  doi={10.1007/978-90-481-8681-5_2},
  isbn={978-90-481-8681-5}
}

@article{kandel1994,
  title={The ScaRaB project: Earth radiation budget observations from the Meteor satellites},
  author={Kandel, RS and Monge, J-L and Viollier, M and Pakhomov, LA and Adasko, VI and Reitenbach, RG and Raschke, E and Stuhlmann, R},
  journal={Advances in Space Research},
  volume={14},
  number={1},
  pages={47--54},
  year={1994},
  publisher={Elsevier},
  doi={10.1016/0273-1177(94)90346-8}
}

@inproceedings{khlopenkov2017,
  title={Development of multi-sensor global cloud and radiance composites for earth radiation budget monitoring from DSCOVR},
  author={Khlopenkov, Konstantin and Duda, David and Thieman, Mandana and Minnis, Patrick and Su, Wenying and Bedka, Kristopher},
  booktitle={Remote Sensing of Clouds and the Atmosphere XXII},
  volume={10424},
  pages={104240K},
  year={2017},
  organization={International Society for Optics and Photonics},
  doi={10.1117/12.2278645}
}

@article{schmidt2017,
  title={Practice and philosophy of climate model tuning across six US modeling centers},
  author={Schmidt, Gavin A and Bader, David and Donner, Leo J and Elsaesser, Gregory S and Golaz, Jean-Christophe and Hannay, Cecile and Molod, Andrea and Neale, Richard B and Saha, Suranjana},
  journal={Geoscientific Model Development},
  volume={10},
  number={9},
  pages={3207},
  year={2017},
  publisher={Copernicus GmbH},
  doi={10.5194/gmd-2017-30-ac1}
}

@misc{damadeo2017,
  title={{CERES: Clouds and the Earth’s Radiant Energy System}},
  author={Damadeo, Kristyn and Hanson Heather},
  url={https://eospso.gsfc.nasa.gov/sites/default/files/publications/CERES%20Mission%20Brochure%20508.pdf},
  organization={{National Aeronautics and Space Administration}},
  year={2017}
}

@article{smith2011,
  title={Clouds and Earth Radiant Energy System (CERES), a review: Past, present and future},
  author={Smith, GL and Priestley, KJ and Loeb, NG and Wielicki, BA and Charlock, TP and Minnis, P and Doelling, DR and Rutan, DA},
  journal={Advances in Space Research},
  volume={48},
  number={2},
  pages={254--263},
  year={2011},
  publisher={Elsevier},
  doi={10.1016/j.asr.2011.03.009}
}

@article{loeb2017,
  title={Clouds and the Earth’s Radiant Energy System (CERES) Energy Balanced and Filled (EBAF) Top-of-Atmosphere (TOA) Edition 4.0 Data Product},
  author={Loeb, Norman G and Doelling, David R and Wang, Hailan and Su, Wenying and Nguyen, Cathy and Corbett, Joseph G and Liang, Lusheng and Mitrescu, Cristian and Rose, Fred G and Kato, Seiji},
  journal={Journal of Climate},
  number={2017},
  year={2017},
  doi={10.1175/jcli-d-17-0208.1}
}

@article{bodas-salcedo2016,
  title={Large contribution of supercooled liquid clouds to the solar radiation budget of the Southern Ocean},
  author={Bodas-Salcedo, A and Hill, PG and Furtado, K and Williams, KD and Field, PR and Manners, JC and Hyder, P and Kato, S},
  journal={Journal of Climate},
  volume={29},
  number={11},
  pages={4213--4228},
  year={2016},
  doi={10.1175/jcli-d-15-0564.1}
}

@article{webb2001,
  title={Combining ERBE and ISCCP data to assess clouds in the Hadley Centre, ECMWF and LMD atmospheric climate models},
  author={Webb, Mi and Senior, C and Bony, S and Morcrette, J-J},
  journal={Climate Dynamics},
  volume={17},
  number={12},
  pages={905--922},
  year={2001},
  publisher={Springer},
  doi={10.1007/s003820100157}
}

@article{chiriaco2006,
  title={The ability of MM5 to simulate ice clouds: Systematic comparison between simulated and measured fluxes and lidar/radar profiles at the SIRTA atmospheric observatory},
  author={Chiriaco, Marjolaine and Vautard, Robert and Chepfer, H{\'e}l{\`e}ne and Haeffelin, Martial and Dudhia, J and Wanherdrick, Y and Morille, Yohann and Protat, Alain},
  journal={Monthly weather review},
  volume={134},
  number={3},
  pages={897--918},
  year={2006},
  doi={10.1175/mwr3102.1}
}

@article{ritter1992,
  title={A comprehensive radiation scheme for numerical weather prediction models with potential applications in climate simulations},
  author={Ritter, Bodo and Geleyn, Jean-Francois},
  journal={Monthly weather review},
  volume={120},
  number={2},
  pages={303--325},
  year={1992},
  doi={10.1175/1520-0493(1992)120<0303:acrsfn>2.0.co;2}
}

@article{diner1998,
  title={Multi-angle Imaging SpectroRadiometer (MISR) instrument description and experiment overview},
  author={Diner, David J and Beckert, Jewel C and Reilly, Terrence H and Bruegge, Carol J and Conel, James E and Kahn, Ralph A and Martonchik, John V and Ackerman, Thomas P and Davies, Roger and Gerstl, Siegfried AW and others},
  journal={IEEE Transactions on Geoscience and Remote Sensing},
  volume={36},
  number={4},
  pages={1072--1087},
  year={1998},
  publisher={IEEE},
  doi={10.1109/36.700992}
}

@article{jakob2003,
  title={An improved strategy for the evaluation of cloud parameterizations in GCMs},
  author={Jakob, Christian},
  journal={Bulletin of the American Meteorological Society},
  volume={84},
  number={10},
  pages={1387--1402},
  year={2003},
  publisher={American Meteorological Society},
  doi={10.1175/bams-84-10-1387}
}

@article{mace2018a,
  title={Clouds over the Southern Ocean as observed from the R/V Investigator during CAPRICORN. Part I: Cloud occurrence and phase partitioning},
  author={Mace, Gerald G and Protat, Alain},
  journal={Journal of Applied Meteorology and Climatology},
  volume={57},
  number={8},
  pages={1783--1803},
  year={2018},
  doi={10.1175/JAMC-D-17-0194.1}
}

@article{mace2018b,
  title={Clouds over the Southern Ocean as observed from the R/V Investigator during CAPRICORN. Part II: The properties of nonprecipitating stratocumulus},
  author={Mace, Gerald G and Protat, Alain},
  journal={Journal of Applied Meteorology and Climatology},
  volume={57},
  number={8},
  pages={1805--1823},
  year={2018},
  doi={10.1175/JAMC-D-17-0195.1}
}

@article{gettelman2020,
  title={Simulating Observations of Southern Ocean Clouds and Implications for Climate},
  author={Gettelman, Andrew and Bardeen, Charles and McCluskey, Christina S and J{\"a}rvinen, Emma and Stith, Jeffrey and Brethenton, Chris},
  year={2020},
  doi={10.1002/essoar.10502322.1}
}

@article{noh2017,
  title={Cloud-base height estimation from VIIRS. Part II: A statistical algorithm based on A-Train satellite data},
  author={Noh, Yoo-Jeong and Forsythe, John M and Miller, Steven D and Seaman, Curtis J and Li, Yue and Heidinger, Andrew K and Lindsey, Daniel T and Rogers, Matthew A and Partain, Philip T},
  journal={Journal of Atmospheric and Oceanic Technology},
  volume={34},
  number={3},
  pages={585--598},
  year={2017},
  doi={10.1175/JTECH-D-16-0110.1}
}

@article{klekociuk2018,
  title={The state of the atmosphere in the 2016 southern Kerguelen Axis campaign region},
  author={Klekociuk, Andrew R and French, W John R and Alexander, Simon P and Kuma, Peter and McDonald, Adrian J},
  journal={Deep Sea Research Part II: Topical Studies in Oceanography},
  year={2019},
  publisher={Elsevier},
  doi={10.1016/j.dsr2.2019.02.001}
}

@article{jolly2018,
  title={An analysis of the cloud environment over the Ross Sea and Ross Ice Shelf using CloudSat/CALIPSO satellite observations: the importance of synoptic forcing},
  author={Jolly, Ben and Kuma, Peter and McDonald, Adrian and Parsons, Simon},
  journal={Atmospheric Chemistry and Physics},
  volume={18},
  number={13},
  pages={9723--9739},
  year={2018},
  publisher={Copernicus GmbH}
}

@article{hartery2020a,
  title={Constraining the surface flux of sea spray particles from the Southern Ocean},
  author={Hartery, Sean and Toohey, D and Revell, Laura and Sellegri, Karine and Kuma, Peter and Harvey, M and McDonald, Adrian J},
  journal={Journal of Geophysical Research: Atmospheres},
  volume={125},
  number={4},
  pages={e2019JD032026},
  year={2020},
  publisher={Wiley Online Library},
  doi={10.1029/2019JD032026}
}

@article{hartery2020b,
author = {Hartery, Sean and Kuma, Peter and Harvey, Mike J and McDonald, Adrian J.},
title = {Quantification of Boundary Layer Mixing over the Southern Ocean Using In-Situ and Remotely-Sensed Measurements},
journal = {Earth and Space Science Open Archive},
pages = {13},
year = {2020},
DOI = {10.1002/essoar.10502904.1}
}

@article{kuma2020a,
  author={Kuma, P and McDonald, AJ and Morgenstern, O and Alexander, SP and Cassano, JJ and Garrett, S and Halla, J and Hartery, S and Harvey, MJ and Parsons, S and Plank, G and Varma, V and Williams, J},
  title={Evaluation of Southern Ocean cloud in the HadGEM3 general circulation model and MERRA-2 reanalysis using ship-based observations},
  journal={Atmospheric Chemistry and Physics},
  year={2020},
  note={accepted},
  doi={10.5194/acp-2019-201}
}

@article{kuma2020b,
  author={Kuma, P and McDonald, AJ and Morgenstern, O and Querel, R and Silber, I and Flynn, CJ},
  title={Ground-based lidar simulator framework for comparing models and observations},
  year={2020},
  journal={Geoscientific Model Development Discussions},
  doi={10.5194/gmd-2020-25},
  pages={1--45},
  volume={2020},
  note={in review}
}

@article{kelleher2019,
  title={Examining Southern Ocean Cloud Controlling Factors on Daily Time Scales and Their Connections to Midlatitude Weather Systems},
  author={Kelleher, Mitchell K and Grise, Kevin M},
  journal={Journal of Climate},
  volume={32},
  number={16},
  pages={5145--5160},
  year={2019},
  doi={10.1175/JCLI-D-18-0840.1}
}

@article{frolicher2015,
  title={Dominance of the Southern Ocean in anthropogenic carbon and heat uptake in CMIP5 models},
  author={Fr{\"o}licher, Thomas L and Sarmiento, Jorge L and Paynter, David J and Dunne, John P and Krasting, John P and Winton, Michael},
  journal={Journal of Climate},
  volume={28},
  number={2},
  pages={862--886},
  year={2015},
  doi={10.1175/JCLI-D-14-00117.1}
}

@report{mcfarquhar2016,
author={McFarquhar, G},
title={Measurements of Aerosols, Radiation, and Clouds over the Southern Ocean (MARCUS) Science Plan},
year={2016},
organization={ARM}
}

@report{demott2018,
title={Macquarie Island Cloud and Radiation Experiment (MICRE) Ice Nucleating Particle Measurements Field Campaign Report},
author={DeMott, PJ and Hill, TCJ and Marchand, R and Alexander, S},
year={2018},
organization={ARM}
}

@article{zheng2019,
  title={Episodes of Warm-Air Advection Causing Cloud-Surface Decoupling During the MARCUS},
  author={Zheng, Youtong and Li, Zhanqing},
  journal={Journal of Geophysical Research: Atmospheres},
  year={2019},
  publisher={Wiley Online Library},
  doi={10.1029/2019JD030835}
}

@article{noh2019,
  title={Satellite-based detection of daytime supercooled liquid-topped mixed-phase clouds over the Southern Ocean using the Advanced Himawari Imager},
  author={Noh, Yoo-Jeong and Miller, Steven D and Heidinger, Andrew K and Mace, Gerald G and Protat, Alain and Alexander, Simon P},
  journal={Journal of Geophysical Research: Atmospheres},
  volume={124},
  number={5},
  pages={2677--2701},
  year={2019},
  publisher={Wiley Online Library},
  doi={10.1029/2018JD029524}
}
