@article{roemmich2009,
  title={The Argo Program: Observing the global ocean with profiling floats},
  author={Roemmich, Dean and Johnson, Gregory C and Riser, Stephen and Davis, Russ and Gilson, John and Owens, W Brechner and Garzoli, Silvia L and Schmid, Claudia and Ignaszewski, Mark},
  journal={Oceanography},
  volume={22},
  number={2},
  pages={34--43},
  year={2009},
  publisher={JSTOR},
  doi={10.5670/oceanog.2009.36}
}

@article{cerovevcki2011,
  title={A comparison of Southern Ocean air--sea buoyancy flux from an ocean state estimate with five other products},
  author={Cerove{\v{c}}ki, Ivana and Talley, Lynne D and Mazloff, Matthew R},
  journal={Journal of Climate},
  volume={24},
  number={24},
  pages={6283--6306},
  year={2011},
  doi={10.1175/2011jcli3858.1}
}

@misc{wmo2019,
  title={WMO Statement on the State of the Global Climate in 2019},
  author={{WMO}},
  year={2020},
  organization={World Meteorological Organization},
  isbn={978-92-63-11248-4}
}
